<?xml version="1.0" encoding="UTF-8"?>
<!DOCTYPE html PUBLIC "-//W3C//DTD XHTML 1.0 Transitional//EN"
    "http://www.w3.org/TR/xhtml1/DTD/xhtml1-transitional.dtd">
<html xmlns="http://www.w3.org/1999/xhtml" xml:lang="en" lang="en">
 <head>
  <title>
</title>
<meta http-equiv="Content-Type" content="text/html;charset=utf-8" />
  <meta name='ocr-system' content='tesseract 3.04.00' />
  <meta name='ocr-capabilities' content='ocr_page ocr_carea ocr_par ocr_line ocrx_word'/>
</head>
<body>
  <div class='ocr_page' id='page_1' title='image "./bibliothecareru05jaffgoog_0604.png"; bbox 0 0 3117 4859; ppageno 0'>
   <div class='ocr_carea' id='block_1_1' title="bbox 314 241 1153 308">
    <p class='ocr_par' dir='ltr' id='par_1_1' title="bbox 314 241 1153 308">
     <span class='ocr_line' id='line_1_1' title="bbox 314 241 1153 308; baseline -0.004 0"><span class='ocrx_word' id='word_1_1' title='bbox 314 241 381 308; x_wconf 73' lang='lat'><strong>602</strong></span> <span class='ocrx_word' id='word_1_2' title='bbox 648 259 800 307; x_wconf 80' lang='lat' dir='ltr'><strong>wmsrmr</strong></span> <span class='ocrx_word' id='word_1_3' title='bbox 820 257 1007 308; x_wconf 67' lang='lat' dir='ltr'><strong>muna</strong></span> <span class='ocrx_word' id='word_1_4' title='bbox 1026 258 1082 306; x_wconf 79' lang='lat' dir='ltr'><strong>aro.</strong></span> <span class='ocrx_word' id='word_1_5' title='bbox 1097 257 1153 306; x_wconf 78' lang='lat' dir='ltr'><strong>arr.</strong></span> 
     </span>
    </p>
   </div>
   <div class='ocr_carea' id='block_1_2' title="bbox 168 397 1491 3148">
    <p class='ocr_par' dir='ltr' id='par_1_2' title="bbox 168 397 1491 2584">
     <span class='ocr_line' id='line_1_2' title="bbox 202 397 1486 490; baseline 0.005 -28"><span class='ocrx_word' id='word_1_6' title='bbox 202 406 270 462; x_wconf 78' lang='lat' dir='ltr'><strong>nor</strong></span> <span class='ocrx_word' id='word_1_7' title='bbox 314 401 389 470; x_wconf 83' lang='lat' dir='ltr'><strong>Dux</strong></span> <span class='ocrx_word' id='word_1_8' title='bbox 416 403 523 488; x_wconf 83' lang='lat' dir='ltr'><strong>itaque</strong></span> <span class='ocrx_word' id='word_1_9' title='bbox 549 397 715 468; x_wconf 87' lang='lat' dir='ltr'><strong>Polouiae¹</strong></span> <span class='ocrx_word' id='word_1_10' title='bbox 743 420 817 468; x_wconf 88' lang='lat' dir='ltr'><strong>oum</strong></span> <span class='ocrx_word' id='word_1_11' title='bbox 845 405 946 470; x_wconf 86' lang='lat' dir='ltr'><strong>totam</strong></span> <span class='ocrx_word' id='word_1_12' title='bbox 973 406 1093 468; x_wconf 85' lang='lat' dir='ltr'><strong>terram</strong></span> <span class='ocrx_word' id='word_1_13' title='bbox 1120 407 1154 468; x_wconf 89' lang='lat' dir='ltr'><strong>ot</strong></span> <span class='ocrx_word' id='word_1_14' title='bbox 1178 401 1338 490; x_wconf 90' lang='lat' dir='ltr'><strong>populum</strong></span> <span class='ocrx_word' id='word_1_15' title='bbox 1365 401 1388 468; x_wconf 82' lang='lat' dir='ltr'><strong>ri</strong></span> <span class='ocrx_word' id='word_1_16' title='bbox 1414 401 1486 484; x_wconf 70' lang='lat' dir='ltr'><strong>inde</strong></span> 
     </span>
     <span class='ocr_line' id='line_1_3' title="bbox 168 480 1488 606; baseline -0.002 -20"><span class='ocrx_word' id='word_1_17' title='bbox 168 481 226 540; x_wconf 48' lang='grc' dir='ltr'><strong>Μ’</strong></span> <span class='ocrx_word' id='word_1_18' title='bbox 236 480 298 543; x_wconf 45' lang='grc' dir='ltr'><strong>ΒΨ</strong></span> <span class='ocrx_word' id='word_1_19' title='bbox 314 539 426 586; x_wconf 89' lang='lat' dir='ltr'><strong>manus</strong></span> <span class='ocrx_word' id='word_1_20' title='bbox 448 523 575 586; x_wconf 71' lang='lat' dir='ltr'><strong>noemae</strong></span> <span class='ocrx_word' id='word_1_21' title='bbox 596 517 770 605; x_wconf 82' lang='lat' dir='ltr'><strong>perialitari</strong></span> <span class='ocrx_word' id='word_1_22' title='bbox 784 518 915 602; x_wconf 88' lang='lat' dir='ltr'><strong>rideret,</strong></span> <span class='ocrx_word' id='word_1_23' title='bbox 938 518 1098 606; x_wconf 80' lang='lat' dir='ltr'><strong>prinsipes</strong></span> <span class='ocrx_word' id='word_1_24' title='bbox 1112 523 1237 586; x_wconf 70' lang='lat' dir='ltr'><strong>nosnos</strong></span> <span class='ocrx_word' id='word_1_25' title='bbox 1253 523 1323 585; x_wconf 90' lang='lat' dir='ltr'><strong>turn</strong></span> <span class='ocrx_word' id='word_1_26' title='bbox 1340 538 1402 604; x_wconf 87' lang='lat' dir='ltr'><strong>per</strong></span> <span class='ocrx_word' id='word_1_27' title='bbox 1415 537 1488 584; x_wconf 83' lang='lat' dir='ltr'><strong>nm-</strong></span> 
     </span>
     <span class='ocr_line' id='line_1_4' title="bbox 313 634 1489 722; baseline -0.003 -18"><span class='ocrx_word' id='word_1_28' title='bbox 313 636 379 704; x_wconf 85' lang='lat' dir='ltr'><strong>oios</strong></span> <span class='ocrx_word' id='word_1_29' title='bbox 408 655 481 702; x_wconf 89' lang='lat' dir='ltr'><strong>suos</strong></span> <span class='ocrx_word' id='word_1_30' title='bbox 509 639 578 702; x_wconf 87' lang='lat' dir='ltr'><strong>tum</strong></span> <span class='ocrx_word' id='word_1_31' title='bbox 604 635 640 701; x_wconf 91' lang='lat' dir='ltr'><strong>in</strong></span> <span class='ocrx_word' id='word_1_32' title='bbox 660 655 798 722; x_wconf 88' lang='lat' dir='ltr'><strong>persona</strong></span> <span class='ocrx_word' id='word_1_33' title='bbox 819 635 950 722; x_wconf 85' lang='lat' dir='ltr'><strong>propria</strong></span> <span class='ocrx_word' id='word_1_34' title='bbox 971 634 1172 718; x_wconf 84' lang='lat' dir='ltr'><strong>aggrediens,</strong></span> <span class='ocrx_word' id='word_1_35' title='bbox 1198 634 1310 702; x_wconf 88' lang='lat' dir='ltr'><strong>multis</strong></span> <span class='ocrx_word' id='word_1_36' title='bbox 1332 634 1489 721; x_wconf 71' lang='lat' dir='ltr'><strong>preeihg</strong></span> 
     </span>
     <span class='ocr_line' id='line_1_5' title="bbox 313 750 1490 840; baseline -0.002 -22"><span class='ocrx_word' id='word_1_37' title='bbox 313 751 422 819; x_wconf 84' lang='lat' dir='ltr'><strong>multis</strong></span> <span class='ocrx_word' id='word_1_38' title='bbox 445 751 584 818; x_wconf 77' lang='lat' dir='ltr'><strong>lacrimis</strong></span> <span class='ocrx_word' id='word_1_39' title='bbox 599 751 653 817; x_wconf 86' lang='lat' dir='ltr'><strong>vix</strong></span> <span class='ocrx_word' id='word_1_40' title='bbox 676 751 805 819; x_wconf 88' lang='lat' dir='ltr'><strong>taudem</strong></span> <span class='ocrx_word' id='word_1_41' title='bbox 827 751 1020 840; x_wconf 69' lang='lat' dir='ltr'><strong>impetrarit,</strong></span> <span class='ocrx_word' id='word_1_42' title='bbox 1043 755 1080 816; x_wconf 92' lang='lat' dir='ltr'><strong>ut</strong></span> <span class='ocrx_word' id='word_1_43' title='bbox 1101 751 1160 818; x_wconf 87' lang='lat' dir='ltr'><strong>sub</strong></span> <span class='ocrx_word' id='word_1_44' title='bbox 1174 751 1249 835; x_wconf 89' lang='lat' dir='ltr'><strong>iuga</strong></span> <span class='ocrx_word' id='word_1_45' title='bbox 1262 750 1490 818; x_wconf 74' lang='lat' dir='ltr'><strong>dominafion‘n</strong></span> 
     </span>
     <span class='ocr_line' id='line_1_6' title="bbox 313 867 1490 953; baseline -0.001 -19"><span class='ocrx_word' id='word_1_46' title='bbox 313 873 421 934; x_wconf 84' lang='lat' dir='ltr'><strong>nostra</strong></span> <span class='ocrx_word' id='word_1_47' title='bbox 443 867 546 935; x_wconf 86' lang='lat' dir='ltr'><strong>redire</strong></span> <span class='ocrx_word' id='word_1_48' title='bbox 570 871 602 936; x_wconf 87' lang='lat' dir='ltr'><strong>et</strong></span> <span class='ocrx_word' id='word_1_49' title='bbox 623 868 757 952; x_wconf 78' lang='lat' dir='ltr'><strong>gratiam</strong></span> <span class='ocrx_word' id='word_1_50' title='bbox 780 874 920 934; x_wconf 85' lang='lat' dir='ltr'><strong>nostram</strong></span> <span class='ocrx_word' id='word_1_51' title='bbox 944 886 1132 953; x_wconf 89' lang='lat' dir='ltr'><strong>recuperare</strong></span> <span class='ocrx_word' id='word_1_52' title='bbox 1148 875 1334 934; x_wconf 88' lang='lat' dir='ltr'><strong>mereretur.</strong></span> <span class='ocrx_word' id='word_1_53' title='bbox 1364 867 1408 933; x_wconf 92' lang='lat' dir='ltr'><strong>ln</strong></span> <span class='ocrx_word' id='word_1_54' title='bbox 1423 887 1490 952; x_wconf 80' lang='lat' dir='ltr'><strong>pre</strong></span> 
     </span>
     <span class='ocr_line' id='line_1_7' title="bbox 313 981 1490 1071; baseline -0.003 -19"><span class='ocrx_word' id='word_1_55' title='bbox 313 983 397 1052; x_wconf 88' lang='lat' dir='ltr'><strong>dioto</strong></span> <span class='ocrx_word' id='word_1_56' title='bbox 414 984 520 1069; x_wconf 82' lang='lat' dir='ltr'><strong>iteque</strong></span> <span class='ocrx_word' id='word_1_57' title='bbox 535 983 718 1071; x_wconf 77' lang='lat' dir='ltr'><strong>episcopatu</strong></span> <span class='ocrx_word' id='word_1_58' title='bbox 733 981 871 1068; x_wconf 78' lang='lat' dir='ltr'><strong>Pozuan,</strong></span> <span class='ocrx_word' id='word_1_59' title='bbox 894 985 929 1049; x_wconf 90' lang='lat' dir='ltr'><strong>in</strong></span> <span class='ocrx_word' id='word_1_60' title='bbox 944 985 1121 1052; x_wconf 86' lang='lat' dir='ltr'><strong>territorio·</strong></span> <span class='ocrx_word' id='word_1_61' title='bbox 1135 981 1323 1067; x_wconf 76' lang='lat' dir='ltr'><strong>Crisgorre&#39;,</strong></span> <span class='ocrx_word' id='word_1_62' title='bbox 1346 984 1490 1070; x_wconf 80' lang='lat' dir='ltr'><strong>prefatus</strong></span> 
     </span>
     <span class='ocr_line' id='line_1_8' title="bbox 313 1097 1491 1187; baseline -0.001 -20"><span class='ocrx_word' id='word_1_63' title='bbox 313 1100 377 1168; x_wconf 85' lang='lat' dir='ltr'><strong>dux</strong></span> <span class='ocrx_word' id='word_1_64' title='bbox 398 1097 585 1184; x_wconf 62' lang='lat' dir='ltr'><strong>Bolizlaust</strong></span> <span class='ocrx_word' id='word_1_65' title='bbox 609 1099 741 1187; x_wconf 86' lang='lat' dir='ltr'><strong>pedibus</strong></span> <span class='ocrx_word' id='word_1_66' title='bbox 763 1101 938 1167; x_wconf 84' lang='lat' dir='ltr'><strong>maiestatis</strong></span> <span class='ocrx_word' id='word_1_67' title='bbox 959 1105 1069 1168; x_wconf 85' lang='lat' dir='ltr'><strong>nostro</strong></span> <span class='ocrx_word' id='word_1_68' title='bbox 1089 1100 1283 1187; x_wconf 87' lang='lat' dir='ltr'><strong>provolutus,</strong></span> <span class='ocrx_word' id='word_1_69' title='bbox 1305 1101 1491 1166; x_wconf 75' lang='lat' dir='ltr'><strong>interventu</strong></span> 
     </span>
     <span class='ocr_line' id='line_1_9' title="bbox 312 1215 1489 1304; baseline 0 -20"><span class='ocrx_word' id='word_1_70' title='bbox 312 1217 491 1304; x_wconf 71' lang='lat' dir='ltr'><strong>principum</strong></span> <span class='ocrx_word' id='word_1_71' title='bbox 516 1215 575 1282; x_wconf 87' lang='lat' dir='ltr'><strong>hoe</strong></span> <span class='ocrx_word' id='word_1_72' title='bbox 597 1216 706 1284; x_wconf 90' lang='lat' dir='ltr'><strong>ordine</strong></span> <span class='ocrx_word' id='word_1_73' title='bbox 728 1217 762 1282; x_wconf 91' lang='lat' dir='ltr'><strong>in</strong></span> <span class='ocrx_word' id='word_1_74' title='bbox 785 1217 921 1300; x_wconf 80' lang='lat' dir='ltr'><strong>gratiam</strong></span> <span class='ocrx_word' id='word_1_75' title='bbox 943 1222 1084 1284; x_wconf 85' lang='lat' dir='ltr'><strong>nostram</strong></span> <span class='ocrx_word' id='word_1_76' title='bbox 1107 1221 1157 1283; x_wconf 88' lang='lat' dir='ltr'><strong>ost</strong></span> <span class='ocrx_word' id='word_1_77' title='bbox 1176 1222 1333 1303; x_wconf 77' lang='lat' dir='ltr'><strong>receptus.</strong></span> <span class='ocrx_word' id='word_1_78' title='bbox 1379 1217 1489 1284; x_wconf 83' lang='lat' dir='ltr'><strong>Prima</strong></span> 
     </span>
     <span class='ocr_line' id='line_1_10' title="bbox 312 1329 1490 1420; baseline 0 -20"><span class='ocrx_word' id='word_1_79' title='bbox 312 1333 430 1400; x_wconf 85' lang='lat' dir='ltr'><strong>iurarit</strong></span> <span class='ocrx_word' id='word_1_80' title='bbox 457 1352 516 1419; x_wconf 91' lang='lat' dir='ltr'><strong>pro</strong></span> <span class='ocrx_word' id='word_1_81' title='bbox 538 1353 573 1399; x_wconf 88' lang='lat' dir='ltr'><strong>se</strong></span> <span class='ocrx_word' id='word_1_82' title='bbox 596 1337 628 1400; x_wconf 90' lang='lat' dir='ltr'><strong>et</strong></span> <span class='ocrx_word' id='word_1_83' title='bbox 648 1352 707 1420; x_wconf 90' lang='lat' dir='ltr'><strong>pro</strong></span> <span class='ocrx_word' id='word_1_84' title='bbox 730 1332 875 1399; x_wconf 88' lang='lat' dir='ltr'><strong>omnibus</strong></span> <span class='ocrx_word' id='word_1_85' title='bbox 897 1332 1041 1417; x_wconf 83' lang='lat' dir='ltr'><strong>Polonia,</strong></span> <span class='ocrx_word' id='word_1_86' title='bbox 1071 1333 1156 1419; x_wconf 93' lang='lat' dir='ltr'><strong>quod</strong></span> <span class='ocrx_word' id='word_1_87' title='bbox 1175 1333 1275 1400; x_wconf 79' lang='lat' dir='ltr'><strong>frater</strong></span> <span class='ocrx_word' id='word_1_88' title='bbox 1295 1329 1394 1400; x_wconf 80' lang='lat' dir='ltr'><strong>suus³</strong></span> <span class='ocrx_word' id='word_1_89' title='bbox 1418 1333 1490 1400; x_wconf 84' lang='lat' dir='ltr'><strong>exul</strong></span> 
     </span>
     <span class='ocr_line' id='line_1_11' title="bbox 312 1447 1490 1536; baseline 0 -20"><span class='ocrx_word' id='word_1_90' title='bbox 312 1450 353 1517; x_wconf 90' lang='lat' dir='ltr'><strong>ad</strong></span> <span class='ocrx_word' id='word_1_91' title='bbox 386 1449 591 1534; x_wconf 78' lang='lat' dir='ltr'><strong>ignominiam</strong></span> <span class='ocrx_word' id='word_1_92' title='bbox 619 1447 753 1515; x_wconf 87' lang='lat' dir='ltr'><strong>Romani</strong></span> <span class='ocrx_word' id='word_1_93' title='bbox 785 1449 913 1536; x_wconf 87' lang='lat' dir='ltr'><strong>imperii</strong></span> <span class='ocrx_word' id='word_1_94' title='bbox 938 1469 1003 1516; x_wconf 89' lang='lat' dir='ltr'><strong>uon</strong></span> <span class='ocrx_word' id='word_1_95' title='bbox 1029 1449 1128 1516; x_wconf 87' lang='lat' dir='ltr'><strong>fuerit</strong></span> <span class='ocrx_word' id='word_1_96' title='bbox 1152 1449 1312 1536; x_wconf 84' lang='lat' dir='ltr'><strong>expulsus.</strong></span> <span class='ocrx_word' id='word_1_97' title='bbox 1363 1449 1490 1516; x_wconf 83' lang='lat' dir='ltr'><strong>Deinde</strong></span> 
     </span>
     <span class='ocr_line' id='line_1_12' title="bbox 311 1564 1489 1654; baseline -0.002 -20"><span class='ocrx_word' id='word_1_98' title='bbox 311 1565 472 1654; x_wconf 79' lang='lat' dir='ltr'><strong>pollicitus</strong></span> <span class='ocrx_word' id='word_1_99' title='bbox 500 1570 549 1633; x_wconf 88' lang='lat' dir='ltr'><strong>ost</strong></span> <span class='ocrx_word' id='word_1_100' title='bbox 576 1564 652 1632; x_wconf 89' lang='lat' dir='ltr'><strong>dare</strong></span> <span class='ocrx_word' id='word_1_101' title='bbox 681 1565 742 1632; x_wconf 93' lang='lat' dir='ltr'><strong>duo</strong></span> <span class='ocrx_word' id='word_1_102' title='bbox 770 1565 861 1631; x_wconf 85' lang='lat' dir='ltr'><strong>milia</strong></span> <span class='ocrx_word' id='word_1_103' title='bbox 886 1584 1065 1632; x_wconf 84' lang='lat' dir='ltr'><strong>marearum</strong></span> <span class='ocrx_word' id='word_1_104' title='bbox 1091 1566 1198 1650; x_wconf 86' lang='lat' dir='ltr'><strong>nobis,</strong></span> <span class='ocrx_word' id='word_1_105' title='bbox 1228 1572 1260 1633; x_wconf 89' lang='lat' dir='ltr'><strong>et</strong></span> <span class='ocrx_word' id='word_1_106' title='bbox 1287 1567 1489 1653; x_wconf 76' lang='lat' dir='ltr'><strong>principibus</strong></span> 
     </span>
     <span class='ocr_line' id='line_1_13' title="bbox 311 1681 1489 1767; baseline 0 -17"><span class='ocrx_word' id='word_1_107' title='bbox 311 1681 415 1767; x_wconf 83' lang='lat' dir='ltr'><strong>mille,</strong></span> <span class='ocrx_word' id='word_1_108' title='bbox 444 1687 477 1748; x_wconf 89' lang='lat' dir='ltr'><strong>et</strong></span> <span class='ocrx_word' id='word_1_109' title='bbox 503 1681 595 1748; x_wconf 86' lang='lat' dir='ltr'><strong>uxori</strong></span> <span class='ocrx_word' id='word_1_110' title='bbox 622 1685 749 1748; x_wconf 89' lang='lat' dir='ltr'><strong>nostrae</strong></span> <span class='ocrx_word' id='word_1_111' title='bbox 771 1682 885 1766; x_wconf 84' lang='lat' dir='ltr'><strong>viginti</strong></span> <span class='ocrx_word' id='word_1_112' title='bbox 913 1701 1037 1749; x_wconf 81' lang='lat' dir='ltr'><strong>mareas</strong></span> <span class='ocrx_word' id='word_1_113' title='bbox 1060 1683 1147 1766; x_wconf 88' lang='lat' dir='ltr'><strong>auri,</strong></span> <span class='ocrx_word' id='word_1_114' title='bbox 1175 1688 1208 1750; x_wconf 89' lang='lat' dir='ltr'><strong>et</strong></span> <span class='ocrx_word' id='word_1_115' title='bbox 1229 1682 1337 1749; x_wconf 83' lang='lat' dir='ltr'><strong>auriae</strong></span> <span class='ocrx_word' id='word_1_116' title='bbox 1358 1691 1489 1750; x_wconf 71' lang='lat' dir='ltr'><strong>nom</strong></span> 
     </span>
     <span class='ocr_line' id='line_1_14' title="bbox 310 1797 1488 1885; baseline 0 -19"><span class='ocrx_word' id='word_1_117' title='bbox 310 1799 461 1866; x_wconf 83' lang='lat' dir='ltr'><strong>dueentas</strong></span> <span class='ocrx_word' id='word_1_118' title='bbox 484 1816 607 1865; x_wconf 86' lang='lat' dir='ltr'><strong>mareas</strong></span> <span class='ocrx_word' id='word_1_119' title='bbox 630 1798 762 1882; x_wconf 77' lang='lat' dir='ltr'><strong>argenti,</strong></span> <span class='ocrx_word' id='word_1_120' title='bbox 785 1817 844 1885; x_wconf 90' lang='lat' dir='ltr'><strong>pro</strong></span> <span class='ocrx_word' id='word_1_121' title='bbox 862 1797 1114 1883; x_wconf 74' lang='lat' dir='ltr'><strong>mneglgentia,</strong></span> <span class='ocrx_word' id='word_1_122' title='bbox 1138 1798 1222 1883; x_wconf 93' lang='lat' dir='ltr'><strong>quod</strong></span> <span class='ocrx_word' id='word_1_123' title='bbox 1236 1798 1278 1864; x_wconf 87' lang='lat' dir='ltr'><strong>ad</strong></span> <span class='ocrx_word' id='word_1_124' title='bbox 1291 1800 1420 1866; x_wconf 83' lang='lat' dir='ltr'><strong>curiam</strong></span> <span class='ocrx_word' id='word_1_125' title='bbox 1433 1820 1488 1866; x_wconf 91' lang='lat' dir='ltr'><strong>no·</strong></span> 
     </span>
     <span class='ocr_line' id='line_1_15' title="bbox 311 1913 1487 1984; baseline 0 0"><span class='ocrx_word' id='word_1_126' title='bbox 311 1919 411 1984; x_wconf 74' lang='lat' dir='ltr'><strong>suam</strong></span> <span class='ocrx_word' id='word_1_127' title='bbox 433 1933 497 1980; x_wconf 91' lang='lat' dir='ltr'><strong>uon</strong></span> <span class='ocrx_word' id='word_1_128' title='bbox 511 1919 642 1981; x_wconf 81' lang='lat' dir='ltr'><strong>venerat</strong></span> <span class='ocrx_word' id='word_1_129' title='bbox 662 1934 720 1982; x_wconf 86' lang='lat' dir='ltr'><strong>noo</strong></span> <span class='ocrx_word' id='word_1_130' title='bbox 743 1914 783 1981; x_wconf 88' lang='lat' dir='ltr'><strong>da</strong></span> <span class='ocrx_word' id='word_1_131' title='bbox 797 1919 884 1982; x_wconf 87' lang='lat' dir='ltr'><strong>terra</strong></span> <span class='ocrx_word' id='word_1_132' title='bbox 897 1914 1038 1982; x_wconf 78' lang='lat' dir='ltr'><strong>debitam</strong></span> <span class='ocrx_word' id='word_1_133' title='bbox 1051 1914 1143 1982; x_wconf 90' lang='lat' dir='ltr'><strong>nobis</strong></span> <span class='ocrx_word' id='word_1_134' title='bbox 1157 1915 1275 1982; x_wconf 83' lang='lat' dir='ltr'><strong>iooerat</strong></span> <span class='ocrx_word' id='word_1_135' title='bbox 1287 1913 1487 1984; x_wconf 80' lang='lat' dir='ltr'><strong>fidelitatem</strong></span> 
     </span>
     <span class='ocr_line' id='line_1_16' title="bbox 311 2030 1489 2118; baseline 0 -19"><span class='ocrx_word' id='word_1_136' title='bbox 311 2030 432 2099; x_wconf 85' lang='lat' dir='ltr'><strong>Iuravit</strong></span> <span class='ocrx_word' id='word_1_137' title='bbox 454 2050 576 2116; x_wconf 89' lang='lat' dir='ltr'><strong>quoque</strong></span> <span class='ocrx_word' id='word_1_138' title='bbox 595 2030 829 2117; x_wconf 86' lang='lat' dir='ltr'><strong>expeditionem</strong></span> <span class='ocrx_word' id='word_1_139' title='bbox 843 2030 1008 2098; x_wconf 86' lang='lat' dir='ltr'><strong>Ytalioam</strong></span> <span class='ocrx_word' id='word_1_140' title='bbox 1043 2031 1166 2098; x_wconf 87' lang='lat' dir='ltr'><strong>Deinde</strong></span> <span class='ocrx_word' id='word_1_141' title='bbox 1186 2031 1314 2114; x_wconf 71' lang='lat' dir='ltr'><strong>iurarit,</strong></span> <span class='ocrx_word' id='word_1_142' title='bbox 1338 2034 1429 2118; x_wconf 88' lang='lat' dir='ltr'><strong>quod</strong></span> <span class='ocrx_word' id='word_1_143' title='bbox 1450 2033 1489 2099; x_wconf 81' lang='lat' dir='ltr'><strong>nd</strong></span> 
     </span>
     <span class='ocr_line' id='line_1_17' title="bbox 312 2143 1488 2232; baseline 0.001 -17"><span class='ocrx_word' id='word_1_144' title='bbox 312 2147 431 2216; x_wconf 85' lang='lat' dir='ltr'><strong>auriam</strong></span> <span class='ocrx_word' id='word_1_145' title='bbox 453 2151 596 2214; x_wconf 85' lang='lat' dir='ltr'><strong>nostram</strong></span> <span class='ocrx_word' id='word_1_146' title='bbox 618 2145 834 2232; x_wconf 77' lang='lat' dir='ltr'><strong>Magdeburgh</strong></span> <span class='ocrx_word' id='word_1_147' title='bbox 855 2148 890 2214; x_wconf 92' lang='lat' dir='ltr'><strong>in</strong></span> <span class='ocrx_word' id='word_1_148' title='bbox 910 2147 1011 2214; x_wconf 76' lang='lat' dir='ltr'><strong>natali</strong></span> <span class='ocrx_word' id='word_1_149' title='bbox 1024 2143 1171 2214; x_wconf 82' lang='lat' dir='ltr'><strong>Domini‘</strong></span> <span class='ocrx_word' id='word_1_150' title='bbox 1191 2147 1417 2216; x_wconf 84' lang='lat' dir='ltr'><strong>eelebrandam</strong></span> <span class='ocrx_word' id='word_1_151' title='bbox 1436 2169 1488 2216; x_wconf 76' lang='lat' dir='ltr'><strong>re</strong></span> 
     </span>
     <span class='ocr_line' id='line_1_18' title="bbox 311 2263 1487 2351; baseline 0 -19"><span class='ocrx_word' id='word_1_152' title='bbox 311 2265 381 2332; x_wconf 89' lang='lat' dir='ltr'><strong>nire</strong></span> <span class='ocrx_word' id='word_1_153' title='bbox 404 2263 526 2348; x_wconf 72' lang='lat' dir='ltr'><strong>debeat,</strong></span> <span class='ocrx_word' id='word_1_154' title='bbox 549 2283 645 2350; x_wconf 86' lang='lat' dir='ltr'><strong>super</strong></span> <span class='ocrx_word' id='word_1_155' title='bbox 660 2263 856 2349; x_wconf 88' lang='lat' dir='ltr'><strong>querimonia</strong></span> <span class='ocrx_word' id='word_1_156' title='bbox 869 2264 978 2330; x_wconf 70' lang='lat' dir='ltr'><strong>datrm</strong></span> <span class='ocrx_word' id='word_1_157' title='bbox 993 2264 1044 2330; x_wconf 88' lang='lat' dir='ltr'><strong>sui</strong></span> <span class='ocrx_word' id='word_1_158' title='bbox 1057 2263 1181 2351; x_wconf 84' lang='lat' dir='ltr'><strong>expulsi</strong></span> <span class='ocrx_word' id='word_1_159' title='bbox 1196 2264 1340 2351; x_wconf 86' lang='lat' dir='ltr'><strong>plenarie</strong></span> <span class='ocrx_word' id='word_1_160' title='bbox 1352 2285 1487 2351; x_wconf 89' lang='lat' dir='ltr'><strong>respon-</strong></span> 
     </span>
     <span class='ocr_line' id='line_1_19' title="bbox 312 2378 1485 2468; baseline 0 -20"><span class='ocrx_word' id='word_1_161' title='bbox 312 2401 414 2448; x_wconf 85' lang='lat' dir='ltr'><strong>surus.</strong></span> <span class='ocrx_word' id='word_1_162' title='bbox 452 2379 576 2467; x_wconf 75' lang='lat' dir='ltr'><strong>sieque,</strong></span> <span class='ocrx_word' id='word_1_163' title='bbox 598 2380 704 2447; x_wconf 87' lang='lat' dir='ltr'><strong>iurata</strong></span> <span class='ocrx_word' id='word_1_164' title='bbox 717 2379 809 2446; x_wconf 88' lang='lat' dir='ltr'><strong>nobis</strong></span> <span class='ocrx_word' id='word_1_165' title='bbox 825 2378 986 2465; x_wconf 83' lang='lat' dir='ltr'><strong>fidelitate,</strong></span> <span class='ocrx_word' id='word_1_166' title='bbox 1009 2380 1103 2448; x_wconf 90' lang='lat' dir='ltr'><strong>etde</strong></span> <span class='ocrx_word' id='word_1_167' title='bbox 1125 2381 1315 2468; x_wconf 87' lang='lat' dir='ltr'><strong>supradietis</strong></span> <span class='ocrx_word' id='word_1_168' title='bbox 1338 2381 1485 2448; x_wconf 82' lang='lat' dir='ltr'><strong>omnibus</strong></span> 
     </span>
     <span class='ocr_line' id='line_1_20' title="bbox 310 2496 1487 2584; baseline -0.001 -20"><span class='ocrx_word' id='word_1_169' title='bbox 310 2496 446 2566; x_wconf 86' lang='lat' dir='ltr'><strong>fideliter</strong></span> <span class='ocrx_word' id='word_1_170' title='bbox 473 2496 637 2583; x_wconf 73' lang='lat' dir='ltr'><strong>explendis</strong></span> <span class='ocrx_word' id='word_1_171' title='bbox 665 2497 803 2584; x_wconf 74' lang='lat' dir='ltr'><strong>atneptis</strong></span> <span class='ocrx_word' id='word_1_172' title='bbox 831 2496 991 2564; x_wconf 84' lang='lat' dir='ltr'><strong>obsidibus</strong></span> <span class='ocrx_word' id='word_1_173' title='bbox 1019 2496 1183 2564; x_wconf 86' lang='lat' dir='ltr'><strong>Cazimem</strong></span> <span class='ocrx_word' id='word_1_174' title='bbox 1208 2497 1307 2564; x_wconf 79' lang='lat' dir='ltr'><strong>iratm</strong></span> <span class='ocrx_word' id='word_1_175' title='bbox 1333 2497 1428 2564; x_wconf 84' lang='lat' dir='ltr'><strong>dueis</strong></span> <span class='ocrx_word' id='word_1_176' title='bbox 1456 2503 1487 2563; x_wconf 88' lang='lat' dir='ltr'><strong>et</strong></span> 
     </span>
    </p>

    <p class='ocr_par' dir='ltr' id='par_1_3' title="bbox 311 2611 1140 2698">
     <span class='ocr_line' id='line_1_21' title="bbox 311 2611 1140 2698; baseline -0.004 -17"><span class='ocrx_word' id='word_1_177' title='bbox 311 2613 382 2681; x_wconf 88' lang='lat' dir='ltr'><strong>aliis</strong></span> <span class='ocrx_word' id='word_1_178' title='bbox 405 2613 573 2698; x_wconf 87' lang='lat' dir='ltr'><strong>nobilibus,</strong></span> <span class='ocrx_word' id='word_1_179' title='bbox 596 2612 729 2698; x_wconf 89' lang='lat' dir='ltr'><strong>gloriose</strong></span> <span class='ocrx_word' id='word_1_180' title='bbox 752 2611 820 2680; x_wconf 88' lang='lat' dir='ltr'><strong>Deo</strong></span> <span class='ocrx_word' id='word_1_181' title='bbox 842 2613 921 2680; x_wconf 86' lang='lat' dir='ltr'><strong>duoe</strong></span> <span class='ocrx_word' id='word_1_182' title='bbox 942 2613 1140 2680; x_wconf 83' lang='lat' dir='ltr'><strong>revertimur.</strong></span> 
     </span>
    </p>

    <p class='ocr_par' dir='ltr' id='par_1_4' title="bbox 309 2727 1486 3148">
     <span class='ocr_line' id='line_1_22' title="bbox 401 2727 1486 2816; baseline 0 -20"><span class='ocrx_word' id='word_1_183' title='bbox 401 2730 582 2814; x_wconf 80' lang='lat' dir='ltr'><strong>Caeterum,</strong></span> <span class='ocrx_word' id='word_1_184' title='bbox 617 2729 692 2815; x_wconf 88' lang='lat' dir='ltr'><strong>quia</strong></span> <span class='ocrx_word' id='word_1_185' title='bbox 719 2730 755 2796; x_wconf 91' lang='lat' dir='ltr'><strong>in</strong></span> <span class='ocrx_word' id='word_1_186' title='bbox 784 2727 940 2812; x_wconf 81' lang='lat' dir='ltr'><strong>legatione</strong></span> <span class='ocrx_word' id='word_1_187' title='bbox 967 2727 1139 2796; x_wconf 85' lang='lat' dir='ltr'><strong>Greoorum</strong></span> <span class='ocrx_word' id='word_1_188' title='bbox 1165 2728 1368 2816; x_wconf 86' lang='lat' dir='ltr'><strong>prudentiam</strong></span> <span class='ocrx_word' id='word_1_189' title='bbox 1396 2734 1486 2796; x_wconf 85' lang='lat' dir='ltr'><strong>tuam</strong></span> 
     </span>
     <span class='ocr_line' id='line_1_23' title="bbox 310 2845 1484 2929; baseline -0.002 -15"><span class='ocrx_word' id='word_1_190' title='bbox 310 2847 402 2914; x_wconf 90' lang='lat' dir='ltr'><strong>uobis</strong></span> <span class='ocrx_word' id='word_1_191' title='bbox 425 2845 535 2914; x_wconf 88' lang='lat' dir='ltr'><strong>adosse</strong></span> <span class='ocrx_word' id='word_1_192' title='bbox 558 2845 781 2928; x_wconf 85' lang='lat' dir='ltr'><strong>desideramus,</strong></span> <span class='ocrx_word' id='word_1_193' title='bbox 804 2845 983 2912; x_wconf 86' lang='lat' dir='ltr'><strong>mandando</strong></span> <span class='ocrx_word' id='word_1_194' title='bbox 1004 2864 1152 2929; x_wconf 84' lang='lat' dir='ltr'><strong>rogamus</strong></span> <span class='ocrx_word' id='word_1_195' title='bbox 1169 2845 1372 2912; x_wconf 77' lang='lat' dir='ltr'><strong>dileetiomm</strong></span> <span class='ocrx_word' id='word_1_196' title='bbox 1385 2851 1484 2927; x_wconf 78' lang='lat' dir='ltr'><strong>tuam,</strong></span> 
     </span>
     <span class='ocr_line' id='line_1_24' title="bbox 311 2958 1486 3049; baseline 0 -19"><span class='ocrx_word' id='word_1_197' title='bbox 311 2964 458 3049; x_wconf 86' lang='lat' dir='ltr'><strong>quatinus</strong></span> <span class='ocrx_word' id='word_1_198' title='bbox 486 2964 521 3030; x_wconf 91' lang='lat' dir='ltr'><strong>iu</strong></span> <span class='ocrx_word' id='word_1_199' title='bbox 542 2961 653 3047; x_wconf 83' lang='lat' dir='ltr'><strong>vigilia</strong></span> <span class='ocrx_word' id='word_1_200' title='bbox 674 2961 776 3030; x_wconf 82' lang='lat' dir='ltr'><strong>saneti</strong></span> <span class='ocrx_word' id='word_1_201' title='bbox 798 2958 978 3028; x_wconf 82' lang='lat' dir='ltr'><strong>llielruelis‘</strong></span> <span class='ocrx_word' id='word_1_202' title='bbox 999 2959 1184 3030; x_wconf 74' lang='lat' dir='ltr'><strong>wirzeburc</strong></span> <span class='ocrx_word' id='word_1_203' title='bbox 1204 2961 1296 3029; x_wconf 86' lang='lat' dir='ltr'><strong>uobis</strong></span> <span class='ocrx_word' id='word_1_204' title='bbox 1318 2981 1486 3030; x_wconf 80' lang='lat' dir='ltr'><strong>ooemrere</strong></span> 
     </span>
     <span class='ocr_line' id='line_1_25' title="bbox 309 3079 449 3148; baseline -0.014 0"><span class='ocrx_word' id='word_1_205' title='bbox 309 3079 449 3148; x_wconf 73' lang='lat' dir='ltr'><strong>fortnas.</strong></span> 
     </span>
    </p>
   </div>
   <div class='ocr_carea' id='block_1_3' title="bbox 312 3289 1483 3374">
    <p class='ocr_par' dir='ltr' id='par_1_5' title="bbox 312 3289 1483 3374">
     <span class='ocr_line' id='line_1_26' title="bbox 312 3289 1483 3374; baseline -0.005 -10"><span class='ocrx_word' id='word_1_206' title='bbox 312 3291 402 3364; x_wconf 82' lang='lat'>471.</span> <span class='ocrx_word' id='word_1_207' title='bbox 421 3294 527 3360; x_wconf 79' lang='lat' dir='ltr'><strong>Notae</strong></span> <span class='ocrx_word' id='word_1_208' title='bbox 547 3291 828 3360; x_wconf 69' lang='lat' dir='ltr'><strong>Haltesrademee.</strong></span> <span class='ocrx_word' id='word_1_209' title='bbox 1320 3289 1377 3372; x_wconf 79' lang='grc' dir='ltr'><strong>(Μ.</strong></span> <span class='ocrx_word' id='word_1_210' title='bbox 1392 3293 1483 3374; x_wconf 86' lang='grc'><strong>419.)</strong></span> 
     </span>
    </p>
   </div>
   <div class='ocr_carea' id='block_1_4' title="bbox 311 3419 1484 3860">
    <p class='ocr_par' dir='ltr' id='par_1_6' title="bbox 311 3419 1484 3860">
     <span class='ocr_line' id='line_1_27' title="bbox 400 3419 1484 3511; baseline -0.002 -17"><span class='ocrx_word' id='word_1_211' title='bbox 400 3419 592 3511; x_wconf 82' lang='lat' dir='ltr'><strong>Imperator⁶</strong></span> <span class='ocrx_word' id='word_1_212' title='bbox 607 3422 741 3492; x_wconf 84' lang='lat' dir='ltr'><strong>Karalus</strong></span> <span class='ocrx_word' id='word_1_213' title='bbox 756 3421 956 3510; x_wconf 85' lang='lat' dir='ltr'><strong>parroohiam</strong></span> <span class='ocrx_word' id='word_1_214' title='bbox 969 3423 1266 3494; x_wconf 85' lang='lat' dir='ltr'><strong>Halbemtadensem</strong></span> <span class='ocrx_word' id='word_1_215' title='bbox 1280 3425 1377 3492; x_wconf 71' lang='lat' dir='ltr'><strong>cerda</strong></span> <span class='ocrx_word' id='word_1_216' title='bbox 1390 3425 1484 3492; x_wconf 88' lang='lat' dir='ltr'><strong>undi-</strong></span> 
     </span>
     <span class='ocr_line' id='line_1_28' title="bbox 312 3540 1484 3630; baseline -0.003 -19"><span class='ocrx_word' id='word_1_217' title='bbox 312 3563 372 3630; x_wconf 87' lang='lat' dir='ltr'><strong>que</strong></span> <span class='ocrx_word' id='word_1_218' title='bbox 401 3541 648 3627; x_wconf 83' lang='lat' dir='ltr'><strong>uiroumsoripsit</strong></span> <span class='ocrx_word' id='word_1_219' title='bbox 673 3540 818 3608; x_wconf 86' lang='lat' dir='ltr'><strong>terminis</strong></span> <span class='ocrx_word' id='word_1_220' title='bbox 846 3560 965 3626; x_wconf 86' lang='lat' dir='ltr'><strong>suoque</strong></span> <span class='ocrx_word' id='word_1_221' title='bbox 987 3541 1144 3625; x_wconf 85' lang='lat' dir='ltr'><strong>augustali</strong></span> <span class='ocrx_word' id='word_1_222' title='bbox 1164 3542 1298 3627; x_wconf 87' lang='lat' dir='ltr'><strong>imperio</strong></span> <span class='ocrx_word' id='word_1_223' title='bbox 1321 3547 1355 3608; x_wconf 89' lang='lat' dir='ltr'><strong>et</strong></span> <span class='ocrx_word' id='word_1_224' title='bbox 1376 3543 1484 3630; x_wconf 88' lang='lat' dir='ltr'><strong>inpre-</strong></span> 
     </span>
     <span class='ocr_line' id='line_1_29' title="bbox 311 3655 1484 3744; baseline -0.004 -15"><span class='ocrx_word' id='word_1_225' title='bbox 311 3659 492 3728; x_wconf 84' lang='lat' dir='ltr'><strong>rarieabili·</strong></span> <span class='ocrx_word' id='word_1_226' title='bbox 514 3656 680 3744; x_wconf 83' lang='lat' dir='ltr'><strong>privilegio</strong></span> <span class='ocrx_word' id='word_1_227' title='bbox 702 3655 842 3724; x_wconf 85' lang='lat' dir='ltr'><strong>firmavit</strong></span> <span class='ocrx_word' id='word_1_228' title='bbox 864 3659 938 3724; x_wconf 78' lang='grc'><strong>804.</strong></span> <span class='ocrx_word' id='word_1_229' title='bbox 959 3657 1034 3724; x_wconf 86' lang='lat' dir='ltr'><strong>Idus</strong></span> <span class='ocrx_word' id='word_1_230' title='bbox 1055 3657 1139 3744; x_wconf 83' lang='lat' dir='ltr'><strong>May,</strong></span> <span class='ocrx_word' id='word_1_231' title='bbox 1162 3658 1333 3724; x_wconf 81' lang='lat' dir='ltr'><strong>indictione</strong></span> <span class='ocrx_word' id='word_1_232' title='bbox 1358 3661 1411 3741; x_wconf 89' lang='grc'><strong>10,</strong></span> <span class='ocrx_word' id='word_1_233' title='bbox 1433 3659 1484 3724; x_wconf 84' lang='lat' dir='ltr'><strong>aui</strong></span> 
     </span>
     <span class='ocr_line' id='line_1_30' title="bbox 312 3773 1482 3860; baseline -0.004 -16"><span class='ocrx_word' id='word_1_234' title='bbox 312 3783 417 3844; x_wconf 87' lang='lat' dir='ltr'><strong>autem</strong></span> <span class='ocrx_word' id='word_1_235' title='bbox 439 3776 529 3859; x_wconf 90' lang='lat' dir='ltr'><strong>regui</strong></span> <span class='ocrx_word' id='word_1_236' title='bbox 544 3776 597 3860; x_wconf 84' lang='lat'><strong>34,</strong></span> <span class='ocrx_word' id='word_1_237' title='bbox 620 3773 746 3860; x_wconf 88' lang='lat' dir='ltr'><strong>irnperii</strong></span> <span class='ocrx_word' id='word_1_238' title='bbox 760 3794 835 3841; x_wconf 90' lang='lat' dir='ltr'><strong>vero</strong></span> <span class='ocrx_word' id='word_1_239' title='bbox 857 3775 965 3858; x_wconf 81' lang='lat' dir='ltr'><strong>tercio,</strong></span> <span class='ocrx_word' id='word_1_240' title='bbox 989 3774 1195 3842; x_wconf 86' lang='lat' dir='ltr'><strong>ordinationis</strong></span> <span class='ocrx_word' id='word_1_241' title='bbox 1209 3773 1399 3857; x_wconf 87' lang='lat' dir='ltr'><strong>Hildegrimi</strong></span> <span class='ocrx_word' id='word_1_242' title='bbox 1415 3775 1482 3860; x_wconf 82' lang='lat' dir='ltr'><strong>opi-</strong></span> 
     </span>
    </p>
   </div>
   <div class='ocr_carea' id='block_1_5' title="bbox 383 3924 1170 3985">
    <p class='ocr_par' dir='ltr' id='par_1_7' title="bbox 383 3924 1170 3985">
     <span class='ocr_line' id='line_1_31' title="bbox 383 3924 1170 3985; baseline -0.004 -11"><span class='ocrx_word' id='word_1_243' title='bbox 383 3942 403 3974; x_wconf 80' lang='lat' dir='ltr'><strong>a.</strong></span> <span class='ocrx_word' id='word_1_244' title='bbox 423 3927 582 3974; x_wconf 79' lang='lat' dir='ltr'><strong>lorrlturltorio</strong></span> <span class='ocrx_word' id='word_1_245' title='bbox 598 3945 618 3972; x_wconf 84' lang='lat' dir='ltr'><strong>c.</strong></span> <span class='ocrx_word' id='word_1_246' title='bbox 679 3925 703 3972; x_wconf 87' lang='lat' dir='ltr'><strong>b.</strong></span> <span class='ocrx_word' id='word_1_247' title='bbox 717 3924 823 3972; x_wconf 75' lang='lat' dir='ltr'><strong>Balissus</strong></span> <span class='ocrx_word' id='word_1_248' title='bbox 839 3943 859 3971; x_wconf 79' lang='lat' dir='ltr'><strong>c.</strong></span> <span class='ocrx_word' id='word_1_249' title='bbox 921 3939 941 3971; x_wconf 87' lang='lat' dir='ltr'><strong>o.</strong></span> <span class='ocrx_word' id='word_1_250' title='bbox 954 3924 1135 3985; x_wconf 76' lang='lat' dir='ltr'><strong>inproralienblll</strong></span> <span class='ocrx_word' id='word_1_251' title='bbox 1150 3944 1170 3971; x_wconf 79' lang='lat' dir='ltr'><strong>e.</strong></span> 
     </span>
    </p>
   </div>
   <div class='ocr_carea' id='block_1_6' title="bbox 311 4010 1483 4261">
    <p class='ocr_par' dir='ltr' id='par_1_8' title="bbox 311 4010 1483 4261">
     <span class='ocr_line' id='line_1_32' title="bbox 383 4010 1483 4083; baseline -0.004 -13"><span class='ocrx_word' id='word_1_252' title='bbox 383 4015 408 4070; x_wconf 94' lang='lat'><strong>1.</strong></span> <span class='ocrx_word' id='word_1_253' title='bbox 426 4013 567 4070; x_wconf 82' lang='lat' dir='ltr'><strong>Boleslsua</strong></span> <span class='ocrx_word' id='word_1_254' title='bbox 585 4013 633 4068; x_wconf 90' lang='lat' dir='ltr'><strong>1v.</strong></span> <span class='ocrx_word' id='word_1_255' title='bbox 696 4013 722 4068; x_wconf 74' lang='grc'><strong>2.</strong></span> <span class='ocrx_word' id='word_1_256' title='bbox 740 4011 936 4083; x_wconf 82' lang='lat' dir='ltr'><strong>Krryszlrowo,</strong></span> <span class='ocrx_word' id='word_1_257' title='bbox 955 4011 1124 4068; x_wconf 84' lang='lat' dir='ltr'><strong>aPosnauia</strong></span> <span class='ocrx_word' id='word_1_258' title='bbox 1139 4010 1210 4067; x_wconf 84' lang='lat' dir='ltr'><strong>iuter</strong></span> <span class='ocrx_word' id='word_1_259' title='bbox 1226 4011 1435 4082; x_wconf 79' lang='lat' dir='ltr'><strong>septemtriones</strong></span> <span class='ocrx_word' id='word_1_260' title='bbox 1452 4016 1483 4066; x_wconf 83' lang='lat' dir='ltr'><strong>st</strong></span> 
     </span>
     <span class='ocr_line' id='line_1_33' title="bbox 311 4099 1480 4170; baseline -0.005 -10"><span class='ocrx_word' id='word_1_261' title='bbox 311 4102 488 4160; x_wconf 75' lang='lat' dir='ltr'><strong>occidentem.</strong></span> <span class='ocrx_word' id='word_1_262' title='bbox 560 4102 585 4157; x_wconf 89' lang='lat'><strong>3.</strong></span> <span class='ocrx_word' id='word_1_263' title='bbox 605 4101 769 4158; x_wconf 78' lang='lat' dir='ltr'><strong>wladislaus</strong></span> <span class='ocrx_word' id='word_1_264' title='bbox 786 4101 814 4156; x_wconf 91' lang='lat'><strong>11</strong></span> <span class='ocrx_word' id='word_1_265' title='bbox 831 4101 895 4156; x_wconf 86' lang='lat' dir='ltr'><strong>dux.</strong></span> <span class='ocrx_word' id='word_1_266' title='bbox 966 4100 992 4155; x_wconf 84' lang='lat'><strong>4.</strong></span> <span class='ocrx_word' id='word_1_267' title='bbox 1012 4100 1046 4154; x_wconf 78' lang='lat'><strong>25</strong></span> <span class='ocrx_word' id='word_1_268' title='bbox 1064 4100 1131 4154; x_wconf 89' lang='lat' dir='ltr'><strong>Deo.</strong></span> <span class='ocrx_word' id='word_1_269' title='bbox 1150 4101 1228 4155; x_wconf 71' lang='lat'>1157.</span> <span class='ocrx_word' id='word_1_270' title='bbox 1300 4100 1327 4155; x_wconf 85' lang='lat'><strong>5.</strong></span> <span class='ocrx_word' id='word_1_271' title='bbox 1351 4101 1387 4155; x_wconf 75' lang='lat'><strong>28</strong></span> <span class='ocrx_word' id='word_1_272' title='bbox 1405 4099 1480 4170; x_wconf 83' lang='lat' dir='ltr'><strong>Sept.</strong></span> 
     </span>
     <span class='ocr_line' id='line_1_34' title="bbox 311 4186 1481 4261; baseline -0.003 -15"><span class='ocrx_word' id='word_1_273' title='bbox 311 4193 337 4246; x_wconf 91' lang='grc'><strong>6.</strong></span> <span class='ocrx_word' id='word_1_274' title='bbox 361 4191 551 4261; x_wconf 87' lang='lat' dir='ltr'><strong>Imperator</strong></span> <span class='ocrx_word' id='word_1_275' title='bbox 569 4222 602 4230; x_wconf 97' lang='lat'>—</span> <span class='ocrx_word' id='word_1_276' title='bbox 621 4191 804 4246; x_wconf 88' lang='lat' dir='ltr'><strong>nominato.</strong></span> <span class='ocrx_word' id='word_1_277' title='bbox 831 4189 935 4245; x_wconf 86' lang='lat' dir='ltr'><strong>Eadem</strong></span> <span class='ocrx_word' id='word_1_278' title='bbox 959 4187 1017 4244; x_wconf 82' lang='lat' dir='ltr'><strong>lere</strong></span> <span class='ocrx_word' id='word_1_279' title='bbox 1039 4187 1167 4259; x_wconf 84' lang='lat' dir='ltr'><strong>leguntur</strong></span> <span class='ocrx_word' id='word_1_280' title='bbox 1184 4186 1414 4260; x_wconf 75' lang='lat' dir='ltr'><strong>ap.Auualistam</strong></span> <span class='ocrx_word' id='word_1_281' title='bbox 1431 4189 1481 4244; x_wconf 80' lang='lat' dir='ltr'><strong>Ss-</strong></span> 
     </span>
    </p>
   </div>
   <div class='ocr_carea' id='block_1_7' title="bbox 311 4277 1481 4442">
    <p class='ocr_par' dir='ltr' id='par_1_9' title="bbox 311 4277 1481 4442">
     <span class='ocr_line' id='line_1_35' title="bbox 311 4277 1481 4350; baseline -0.001 -15"><span class='ocrx_word' id='word_1_282' title='bbox 311 4295 418 4350; x_wconf 81' lang='lat' dir='ltr'><strong>uonam,</strong></span> <span class='ocrx_word' id='word_1_283' title='bbox 431 4279 484 4336; x_wconf 78' lang='lat'><strong>808</strong></span> <span class='ocrx_word' id='word_1_284' title='bbox 497 4277 526 4336; x_wconf 90' lang='lat' dir='ltr'><strong>ln</strong></span> <span class='ocrx_word' id='word_1_285' title='bbox 538 4279 609 4336; x_wconf 81' lang='lat' dir='ltr'><strong>lion</strong></span> <span class='ocrx_word' id='word_1_286' title='bbox 623 4277 713 4337; x_wconf 75' lang='lat' dir='ltr'><strong>Germ.</strong></span> <span class='ocrx_word' id='word_1_287' title='bbox 728 4277 776 4336; x_wconf 80' lang='lat' dir='ltr'><strong>SS.</strong></span> <span class='ocrx_word' id='word_1_288' title='bbox 785 4279 834 4337; x_wconf 88' lang='lat' dir='ltr'><strong>VI.</strong></span> <span class='ocrx_word' id='word_1_289' title='bbox 847 4277 900 4335; x_wconf 78' lang='grc'><strong>665</strong></span> <span class='ocrx_word' id='word_1_290' title='bbox 911 4283 940 4334; x_wconf 86' lang='lat' dir='ltr'><strong>et</strong></span> <span class='ocrx_word' id='word_1_291' title='bbox 950 4279 979 4334; x_wconf 91' lang='lat' dir='ltr'><strong>iu</strong></span> <span class='ocrx_word' id='word_1_292' title='bbox 990 4277 1090 4335; x_wconf 79' lang='lat' dir='ltr'><strong>chron</strong></span> <span class='ocrx_word' id='word_1_293' title='bbox 1102 4277 1370 4334; x_wconf 77' lang='lat' dir='ltr'><strong>Helbemtatensied</strong></span> <span class='ocrx_word' id='word_1_294' title='bbox 1380 4277 1481 4335; x_wconf 65' lang='lat' dir='ltr'><strong>&amp;lustr</strong></span> 
     </span>
     <span class='ocr_line' id='line_1_36' title="bbox 311 4371 440 4442; baseline 0 -16"><span class='ocrx_word' id='word_1_295' title='bbox 311 4371 440 4442; x_wconf 70' lang='lat' dir='ltr'><strong>p2-d</strong></span> 
     </span>
    </p>
   </div>
   <div class='ocr_carea' id='block_1_8' title="bbox 0 0 1564 4859">
    <p class='ocr_par' dir='ltr' id='par_1_10' title="bbox 0 0 1564 4859">
     <span class='ocr_line' id='line_1_37' title="bbox 0 0 1564 4859; baseline 0 0"><span class='ocrx_word' id='word_1_296' title='bbox 0 0 1564 4859; x_wconf 95' lang='lat' dir='ltr'><strong> </strong></span> 
     </span>
    </p>
   </div>
  </div>
 </body>
</html>
