3117 4859
314 234 380 302 130
662 253 812 303 wunsam
831 252 1019 303 nummum
1039 251 1078 301 cs.
1092 252 1131 301 ss.

188 400 259 455 1147
312 415 394 479 mus,
420 392 586 463 salutanda
609 395 839 483 amplectimur,
862 396 1071 479 obsecrantes,
1094 401 1131 461 ut
1152 394 1326 463 seeundum
1346 396 1480 483 premis·

144 472 296 535 ΜΨ
313 512 410 579 sionis
433 518 557 579 vestrae
578 514 761 581 institutum
782 514 953 580 terminum
976 513 1016 579 ad
1038 533 1096 579 nos
1118 512 1226 579 venire
1246 531 1311 579 ucu
1325 513 1481 597 abnuatis,

313 629 460 715 quatinus
482 628 563 697 fecie
587 629 627 696 ad
649 630 761 697 faciem
784 636 891 697 vestra
910 629 975 696 frui
996 635 1030 697 et
1050 628 1213 696 iocundari
1235 630 1393 716 pessimus
1410 650 1484 717 pre-

312 745 414 813 sentia
436 750 605 833 vestroque
626 746 750 833 planius
773 746 911 813 recreari
932 745 1079 831 alloquio,
1105 746 1194 812 cuius
1216 766 1290 832 sepe
1314 750 1347 813 et
1367 745 1484 813 multe-

312 862 398 929 ciens
427 862 567 929 roborati
596 882 705 931 sumus
734 862 874 930 ccnsdie.
910 861 1025 929 Veniat
1052 881 1127 946 argo
1151 861 1192 927 ad
1212 882 1286 946 nes,
1314 862 1349 928 id
1371 863 1487 930 estad

312 976 442 1046 ddeetcs
464 976 546 1045 tilios
569 998 653 1064 snos,
675 985 767 1066 pater
782 979 978 1063 karissimus,
1001 978 1252 1066 pemeaesserius
1268 978 1327 1044 hcc
1340 985 1486 1067 tempere

311 1114 377 1163 neu
398 1093 501 1162 selum
523 1095 624 1181 nobis,
652 1096 707 1181 qui
728 1096 815 1163 intus
836 1101 991 1179 tenemur,
1013 1099 1063 1163 set
1084 1099 1117 1163 et
1138 1093 1198 1180 his,
1221 1096 1276 1180 qui
1296 1094 1376 1162 ieris
1397 1102 1487 1163 snut.

311 1210 393 1277 Nam
415 1216 545 1295 treugae
567 1212 634 1279 sive
656 1211 817 1297 induciae,
840 1228 919 1298 quae
940 1209 1002 1279 tide
1024 1211 1100 1278 datu
1121 1210 1162 1279 ab
1183 1211 1338 1279 advocate.
1356 1208 1486 1279 nostre¹

313 1333 345 1395 et
366 1328 479 1395 comite
504 1324 718 1411 che(frid0)²
741 1333 773 1396 et
794 1329 861 1395 suis
883 1348 982 1413 nsque
1006 1328 1047 1394 ad
1068 1328 1184 1396 festum
1206 1328 1308 1395 sancti
1328 1324 1486 1415 Remigii⁸

312 1444 432 1511 servari
455 1448 487 1511 et
509 1445 610 1513 teneri
632 1445 823 1531 debuerunt,
849 1465 923 1511 mcx
945 1445 981 1511 iu
1003 1445 1092 1513 exitu
1111 1451 1216 1513 uestro
1238 1445 1375 1513 uiolatae
1397 1453 1485 1513 snut

311 1560 355 1627 Et
376 1564 485 1629 uestra
505 1580 586 1647 pene
601 1561 708 1629 emnia
729 1582 769 1629 ex
791 1566 924 1647 utraque
938 1567 1029 1649 parte
1044 1562 1151 1649 predis
1166 1562 1286 1649 rapinis
1302 1562 1488 1647 (incenldiis

312 1684 386 1746 sunt
413 1679 564 1747 distracta
593 1678 671 1746 adec
700 1698 814 1765 nsque,
842 1678 941 1745 utin
967 1698 1024 1745 nes
1051 1683 1173 1745 tantum
1196 1684 1228 1746 et
1249 1685 1360 1747 ncstm
1382 1681 1488 1748 tocius

311 1794 454 1865 maliciae
476 1816 601 1864 summa
622 1795 758 1877 recidat3
782 1794 890 1881 sieque
910 1792 957 1880 fit,
979 1799 1017 1861 nt

494 1911 649 1998 Quicquid
671 1911 808 1979 delirant
828 1932 934 1997 reges,
957 1910 1136 1997 plectantur
1156 1906 1297 1978 Achivi⁴.

311 2027 363 2095 Ad
381 2027 541 2095 cumulum
557 2048 679 2113 qnoque
694 2028 894 2094 miseriarum
907 2032 1088 2094 uestrarum
1102 2028 1243 2113 accessit,
1266 2027 1351 2113 qued
1365 2026 1487 2095 Eusta-

311 2144 400 2212 chins
422 2144 532 2211 villam
554 2149 696 2212 nostram
710 2144 863 2213 Tcrnines
884 2164 924 2211 ex
944 2164 1099 2212 censensu
1112 2143 1318 2211 Namneensis
1340 2141 1487 2211 comitis*

311 2260 428 2329 iterum
449 2259 603 2329 violenter
626 2260 800 2347 occupavit.
834 2259 897 2327 Pro
920 2280 983 2347 qna
1004 2282 1039 2327 re
1056 2265 1210 2346 qnantum
1223 2260 1487 2347 laboraverimus,

312 2382 464 2464 quantum
485 2376 653 2445 Leediensi
681 2372 858 2464 episccp0⁸,
886 2382 921 2443 nt
949 2378 1133 2444 canonicam
1160 2377 1199 2444 de
1224 2377 1371 2445 iuvuscre
1391 2379 1488 2446 iusti·

311 2494 394 2561 ciam
417 2498 634 2581 exequeretur,
658 2492 877 2577 institerimus,
900 2494 1029 2579 etquid
1051 2494 1154 2561 sclnm
1174 2498 1273 2561 restet
1291 2494 1488 2581 iaciendum,

311 2630 352 2679 ex
374 2610 536 2697 rescriptis
559 2609 747 2695 litterarum,
772 2630 852 2695 quae
873 2609 962 2677 vobis
983 2610 1171 2678 mansmissa
1187 2616 1271 2695 suut,
1292 2617 1401 2679 uestra
1415 2612 1488 2700 ple·

311 2726 383 2795 nius
406 2726 602 2814 perpendere
624 2726 742 2813 poterit
764 2726 941 2813 prudentia
976 2725 1108 2793 Interim
1129 2732 1236 2794 autem
1258 2728 1299 2794 ad
1311 2727 1488 2797 humilian-

312 2843 388 2910 dum
399 2842 466 2910 Dec
482 2844 603 2911 unimus
616 2848 751 2930 uestras,
766 2841 916 2929 reliquias
928 2862 985 2910 seu
995 2862 1129 2930 corpora
1139 2849 1320 2911 sanctorum
1329 2846 1487 2931 emnium,

311 2980 391 3045 qnae
420 2960 505 3046 apud
532 2980 591 3026 nes
618 2958 829 3044 habebantur,
859 2979 932 3025 cum
955 2958 1127 3027 Salvatcris
1155 2960 1257 3028 necui
1278 2963 1429 3047 ymagine
1451 2964 1488 3029 in

310 3079 396 3141 terra
418 3074 631 3163 deposuimus,
654 3096 795 3142 summam
817 3074 993 3142 divinitatis
1014 3076 1214 3144 clementium
1228 3082 1382 3163 qnantum
1397 3078 1486 3145 uale-

310 3211 381 3258 mus
410 3192 560 3258 attentins
585 3198 765 3277 exorantes,
795 3196 830 3257 nt
853 3212 922 3276 ecs,
950 3193 1005 3277 qni
1027 3192 1061 3259 in
1083 3214 1141 3259 sua
1162 3193 1287 3260 feritate
1308 3192 1486 3279 confidunt,

310 3306 442 3375 dextera
467 3307 593 3375 virtutis
622 3330 679 3377 sne
706 3313 887 3395 prosternat
913 3328 1033 3393 uosque
1058 3309 1100 3377 ab
1126 3309 1269 3397 ipserum
1301 3313 1486 3397 oppressio-

310 3422 403 3491 nibus
426 3424 549 3511 eripiat,
573 3425 628 3511 qni
650 3424 735 3492 solus
753 3424 894 3492 laborem
908 3430 942 3493 et
955 3424 1095 3493 delerem
1108 3426 1275 3493 humilium
1289 3428 1483 3497 musiderat

312 3704 374 3777 52.
399 3710 553 3777 Rodertus
594 3713 728 3777 decumas
762 3711 953 3778 Sabalassa
984 3710 1125 3778 Wntaldo
1167 3714 1206 3779 de
1242 3716 1333 3780 redas
1365 3718 1483 3784 eisdem

398 3827 510 3893 scribit
1338 3828 1394 3913 (M.
1412 3832 1482 3914 38.)

187 3966 255 4022 tlt?
399 3956 663 4026 Reverentissimc
690 3959 725 4025 in
747 3960 873 4027 Christe
899 3960 1028 4027 demine
1055 3968 1089 4028 et
1112 3964 1198 4049 patui
1218 3983 1277 4030 suc
1299 3962 1482 4032 Stabuleusi

141 4038 292 4100 ”⁸⁸⁵⁰p‘'⁸
310 4072 417 4141 abbati
435 4072 579 4142 llibaldc
607 4076 706 4143 frater
726 4074 882 4144 liebertus
905 4079 1083 4144 orationum
1105 4083 1138 4146 et
1159 4080 1376 4165 subiectionis,
1405 4082 1481 4150 obe-

311 4188 449 4258 dientiae
472 4196 504 4257 et
526 4190 702 4259 dilecdcnis
724 4194 905 4261 continuam
927 4193 1135 4262 devotionem.

381 4334 407 4385 1.
418 4330 548 4386 Heinrine
559 4330 660 4387 comite
672 4332 707 4388 de
719 4332 809 4401 Rupe.
854 4334 882 4388 2.
894 4334 995 4389 comite
1005 4333 1043 4389 de
1053 4336 1249 4390 Montanum.
1295 4336 1323 4390 3.
1334 4335 1370 4391 ad
1379 4336 1440 4393 Oct.
1453 4338 1479 4393 1.

309 4418 336 4473 4.
354 4418 421 4475 Her.
433 4420 514 4489 epist
527 4418 549 4473 1.
561 4422 586 4488 2,
599 4420 642 4475 14.
713 4422 740 4476 5.
758 4420 891 4478 Heinrini,
961 4424 988 4479 6.
1005 4422 1137 4481 Heinrieo
1153 4424 1181 4479 11
1200 4426 1394 4481 iras-ttae
