3117 4859
306 230 351 300 92
695 247 845 296 wmanm
865 247 1030 296 renuens
1052 248 1089 297 rr.

219 395 288 455 lret
306 395 414 458 vesun
433 388 634 478 triumphalis
655 387 823 458 clementia
845 389 906 456 dno
929 389 1019 458 milia
1037 389 1230 458 Alemannos
1252 407 1324 456 oum
1337 387 1471 477 Annona

307 506 420 575 abbate
453 507 593 574 coenobii
625 505 880 590 Luneburgensis
912 507 953 574 ad
986 506 1212 574 monasterium
1244 505 1473 574 defendendum

305 624 520 691 transmittere
542 623 759 710 disposuisset,
783 622 929 692 abbatem
952 643 989 692 ac
1010 624 1125 692 batres
1139 623 1300 708 seducens,
1322 627 1473 709 abemus

307 740 348 807 ad
375 760 465 807 suam
491 738 675 807 fidelitatem
698 746 894 808 sacramento
917 740 1118 826 constringit,
1148 739 1292 808 abbatem
1314 739 1355 806 ad
1378 759 1472 806 euan-

199 872 290 921 ruas
305 856 403 942 gella,
432 856 601 924 monachos
630 861 736 924 antem
761 877 820 944 per
842 856 984 924 ordinem
1007 877 1107 924 suum.
1143 856 1266 924 Abbate
1287 856 1387 940 igitur
1408 856 1474 926 via

306 973 484 1057 decedente,
513 973 589 1040 dum
610 973 712 1040 adbuc
734 973 801 1040 eius
822 973 973 1040 feretrum
995 973 1029 1041 in
1051 973 1183 1042 ecelesia
1204 977 1295 1058 esset,
1323 972 1473 1042 destinati

305 1095 380 1158 suut
402 1111 422 1157 a
443 1083 613 1158 (lanzelino
620 1100 641 1174 ¹,
665 1091 720 1176 qui
741 1095 817 1157 tuuc
838 1090 872 1156 in
894 1089 1038 1176 partibus
1060 1090 1130 1158 istis
1144 1089 1270 1174 Rogerii
1292 1089 1377 1156 vices
1402 1109 1473 1174 age-

305 1207 376 1290 bat,
403 1210 440 1273 ut
466 1205 572 1274 nullus
600 1226 636 1273 eo
666 1205 795 1274 absente
824 1206 864 1274 de
891 1205 1013 1274 abbatis
1041 1205 1192 1274 electione
1219 1210 1354 1274 tractare
1380 1225 1474 1294 prae

304 1328 452 1391 sumeret
486 1322 628 1390 Dilatum
649 1323 757 1410 itaque
779 1328 828 1391 est
843 1327 884 1408 et,
908 1321 1191 1402 contradicentibus
1207 1342 1245 1390 aa
1258 1322 1472 1392 moerentibus

304 1440 476 1525 monacbis,
499 1440 660 1526 usquead
682 1440 783 1527 ipsius
806 1441 975 1508 adventum
997 1440 1197 1527 protelatum.
1233 1438 1374 1526 Cumque
1397 1439 1474 1510 illue

305 1557 493 1642 advenisset,
516 1577 589 1624 cnm
611 1557 640 1625 ci
663 1558 903 1626 ostenderentur
925 1557 965 1625 de
987 1556 1138 1628 electione
1161 1555 1282 1624 abbatis
1296 1557 1399 1644 patris
1414 1555 1475 1624 Βο-

303 1675 422 1742 nedirti
443 1674 540 1741 iussio
563 1679 596 1741 et
616 1673 854 1761 privilegiorum
877 1693 914 1741 ac
934 1678 1180 1761 praeceptorum.
1197 1673 1395 1758 constitutio,
1425 1693 1474 1742 re-

304 1791 446 1879 spondit,
472 1790 556 1877 quod
577 1789 624 1856 nil
646 1790 859 1878 adpraesens
882 1789 1061 1858 istiusmodi
1083 1788 1202 1859 valeret
1223 1789 1377 1857 ostensio:
1410 1791 1477 1860 Sed

304 1906 444 1998 deffere*
468 1909 641 1975 electionem
667 1932 764 1997 arpos
792 1909 836 1974 ad
863 1909 981 1974 domini
1008 1910 1070 1974 mei
1096 1911 1254 1992 notitiem
1284 1910 1332 1974 sin
1358 1919 1473 1990 uatem,

303 2026 416 2092 aradus
442 2047 545 2090 arcem
567 2025 773 2092 Bontrearem
802 2035 831 2090 st
858 2026 958 2112 clipeis
981 2047 1071 2114 quem
1092 2025 1199 2109 aaut&
1227 2027 1272 2090 ita
1293 2035 1412 2108 mmm,
1442 2037 1476 2092 ut

298 2143 391 2230 prius
411 2142 598 2233 fidelitatem
624 2143 748 2208 dominc
776 2165 844 2208 meo
861 2140 975 2230 saciat.
1010 2138 1098 2218 Quod
1121 2159 1193 2206 cum
1214 2139 1327 2208 fratres
1350 2160 1386 2206 se
1409 2161 1474 2212 nun

303 2255 435 2344 implero
457 2256 628 2341 dixissent,
655 2255 710 2324 ille
733 2257 907 2324 exercitum
929 2275 1138 2342 congregans,
1160 2257 1308 2324 universa
1329 2256 1473 2326 coenobii

303 2378 408 2441 eastra
434 2374 474 2441 ab
499 2374 566 2442 eius
588 2374 707 2442 ditione
728 2374 889 2443 subduxit
923 2373 1006 2442 Ecce
1028 2373 1111 2442 bona
1133 2393 1213 2460 quac
1235 2377 1308 2442 aute
1330 2378 1474 2444 vestrum

238 2502 287 2553 oa
303 2489 472 2558 adrentum
500 2489 665 2560 Oasinonsi
696 2491 839 2560 fecerunt
867 2490 1032 2576 emlesiae,
1066 2495 1099 2558 et
1125 2489 1227 2558 adhuc
1255 2489 1412 2558 deteriora
1439 2491 1473 2564 ia

303 2607 370 2676 dies
392 2607 531 2692 singulos
552 2607 681 2675 iaciunt

391 2724 439 2792 Ob
465 2745 560 2810 quam
581 2744 650 2792 rem
671 2744 834 2811 rogamus,
862 2726 1035 2813 imperator
1056 2723 1187 2807 invicte,
1215 2728 1252 2792 ut
1272 2727 1398 2790 vestae
1420 2741 1482 2792 ea·-

301 2861 408 2910 merae
435 2839 584 2926 afflictae,
613 2841 782 2909 desfitutae
809 2862 845 2910 ac
867 2840 1026 2909 desolatae
1048 2839 1254 2924 subveniatis,
1282 2859 1322 2908 uc
1344 2841 1472 2926 quondo

302 2957 409 3026 dicant
430 2957 612 3043 sarraceni,
633 2958 823 3027 Nortmanni
846 2978 883 3026 ac
904 2955 1123 3043 Langobardi:
1155 2958 1213 3026 Ubi
1235 2969 1280 3024 ert
1300 2961 1473 3046 torperw

301 3074 408 3142 iutro?
440 3073 562 3158 Erigite
583 3075 697 3160 igitur,
726 3075 838 3159 erigite
860 3079 981 3142 vestros
1002 3074 1136 3142 invictos
1160 3080 1193 3141 et
1213 3094 1233 3140 a
1254 3072 1321 3142 Deo
1344 3093 1472 3142 muser-

301 3189 420 3257 vandos
441 3190 590 3277 lacertos,
618 3197 651 3258 et
672 3191 876 3259 Gasiuensem
899 3191 1077 3275 ecclesiam,
1101 3195 1284 3258 cunctorum
1305 3191 1472 3268 coenobio-

301 3326 372 3373 rum
394 3311 545 3392 matrem,
573 3308 614 3376 de
641 3309 811 3397 impiorum
834 3307 980 3376 manibus
1002 3306 1143 3375 liberate.
1178 3305 1261 3374 Nam
1282 3307 1364 3374 sicut
1385 3309 1472 3376 iuter

302 3423 408 3490 omnia
434 3423 539 3492 sidera
567 3423 666 3492 solem
694 3431 818 3494 constat
845 3428 879 3494 in
907 3424 1092 3494 coelestibus
1115 3444 1223 3510 gerere
1245 3425 1470 3511 principatum,

301 3539 348 3606 ita
373 3541 524 3608 nimirum
550 3541 585 3608 in
612 3543 779 3610 mundanis
801 3543 1016 3630 potentatibus
1037 3541 1213 3610 Romanum
1235 3541 1354 3610 cunctis
1375 3561 1471 3628 prae·

301 3656 399 3743 pollet
431 3658 609 3746 imperinm.
650 3658 741 3726 Licet
773 3665 880 3728 antem
912 3679 970 3748 per
999 3679 1033 3726 se
1061 3659 1104 3726 sit
1130 3655 1346 3742 magnificum,
1379 3663 1471 3745 patet

301 3778 424 3857 temen,
453 3776 528 3860 quia
554 3781 629 3842 tunc
657 3775 803 3863 splendet
829 3777 1008 3861 augustius,
1037 3757 1109 3843 cum
1137 3775 1275 3863 aprobo
1299 3779 1331 3841 et
1351 3773 1470 3844 illustri

301 3889 370 3961 viro
391 3891 520 3974 temtum
555 3891 599 3958 Et
621 3892 691 3958 ideo
714 3897 820 3959 vestra
841 3892 983 3980 probitas
1001 3893 1165 3960 Oasinensi
1187 3895 1350 3960 succurrat
1370 3889 1469 3958 eccle-

302 4006 383 4090 siae,
411 4027 453 4074 ue
478 4007 613 4074 rutilans
642 4008 721 4076 coeli
748 4028 887 4094 gemma,
916 4010 950 4077 id
980 4015 1028 4077 est
1050 4006 1230 4078 Gasinens'is
1253 4007 1397 4090 ecclesia,
1428 4007 1469 4076 de

301 4122 404 4209 capite
432 4129 614 4190 cunctorum
643 4123 864 4192 coenobiorum
892 4127 1067 4211 auferatur,
1103 4132 1135 4195 et
1164 4125 1205 4192 ad
1232 4130 1351 4193 terram
1379 4123 1466 4209 elisa,

300 4239 433 4326 pedibus
455 4240 682 4307 Saracenorum
707 4241 761 4327 qui
785 4241 931 4326 ignorant
950 4242 1053 4310 Deum
1073 4242 1280 4312 conculcetur.
1353 4239 1466 4310 Petrus

103 4408 185 4438 Δ,
373 4395 393 4428 a
409 4382 565 4430 cneum
587 4385 943 4441 reseruassemus.
961 4383 1225 4447 1..1v.e.1osp.e1a
1287 4373 1465 4437 asaelem
