3117 4859
332 239 398 307 312
709 253 860 301 wmnnnr
880 207 1045 301 sorssors
1067 251 1122 301 raa

231 402 302 459 1149
420 394 500 463 (ium
521 394 715 464 venissemus
737 395 773 463 in
795 396 948 483 oppidum
968 393 1209 462 Fraukenrortb
1228 394 1264 461 in
1285 392 1487 482 assumptione

217 477 315 538 *⁰⁸³⁵
330 514 441 582 eene
462 511 582 579 nasae
610 513 651 580 as
679 513 799 579 aunam
823 512 926 579 nens
946 511 1186 599 triumphatoris
1206 510 1265 577 nn
1285 510 1383 578 vete
1404 510 1489 591 eros

330 630 412 713 radi)
440 630 633 697 serenissimi
653 628 867 696 Romanorum
894 629 993 713 regis,
1020 627 1201 711 Z(eizolius)
1226 627 1405 716 prepositus
1427 626 1491 714 Spi-

216 760 218 771 '
330 746 432 813 reneis
453 742 537 812 filius
553 750 659 813 vester
682 745 842 831 querelam
865 766 956 812 suam
977 745 1133 831 exposuit,
1155 749 1303 831 presente
1315 742 1493 829 bioguntina

331 869 364 931 et
384 860 607 931 wormatiensi
633 861 801 947 aeeclesia,
829 862 921 929 nobis
948 882 1071 948 qnoque
1093 860 1308 946 audientibus,
1338 866 1373 928 et
1391 860 1494 927 hebuit

330 978 544 1046 testimonium
567 978 607 1046 ab
630 979 792 1045 omnibus:
821 979 920 1065 quod,
949 987 1037 1044 oum·
1060 997 1081 1044 a
1101 982 1209 1043 vestra
1227 978 1399 1044 sanctitate
1419 982 1495 1044 esset
1540 1032 1544 1039 .

329 1114 475 1163 reversus
498 1131 540 1142 -
563 1096 749 1183 priusquam
775 1096 921 1163 sudorem
942 1096 1014 1162 viae
1035 1094 1225 1179 detergeret,
1252 1094 1441 1181 priusquam
1459 1092 1495 1159 ad

330 1212 513 1299 episeopum
535 1208 818 1280 wormatiensem¹
844 1218 877 1278 et
905 1212 946 1277 sd
973 1210 1118 1278 abbatem
1139 1206 1390 1279 Eberaoensem'
1414 1230 1496 1276 man·

329 1328 405 1395 data
426 1333 533 1395 vestra
554 1328 723 1416 perferret,
751 1328 864 1414 quibua
885 1327 1140 1410 oontrorersiam
1164 1346 1244 1413 quae
1264 1328 1300 1394 in
1321 1348 1397 1395 eum
1418 1330 1497 1393 mota

330 1450 409 1530 erat,
433 1445 621 1512 audiendam
644 1444 976 1530 determinandamque
998 1443 1226 1511 commiseratis
1241 1480 1282 1491 —
1299 1443 1496 1531 abepiscopo

330 1556 490 1650 Spirensi⁸
513 1565 546 1628 et
567 1561 726 1628 oenoniois
748 1562 816 1627 eius
837 1562 873 1626 in
887 1558 1040 1627 iudioium
1054 1564 1143 1627 aetus
1166 1565 1224 1645 est,
1248 1566 1281 1627 et
1294 1581 1354 1648 per
1371 1560 1496 1628 verbum

330 1682 458 1744 sanotae
481 1676 676 1744 obedientiae
698 1678 803 1743 iussus
825 1681 874 1744 est
894 1675 1045 1743 iratribus
1066 1676 1198 1743 reddere
1219 1677 1304 1743 infra
1322 1676 1496 1763 quindecim

330 1794 453 1859 dierum
475 1792 627 1880 spatium,
651 1793 800 1880 quioquid
822 1793 861 1860 de
882 1792 1043 1880 prebenda
1061 1793 1204 1880 ipsorum
1226 1793 1272 1861 eis
1294 1793 1440 1861 defuerat
1453 1792 1497 1859 in·

330 1910 439 1994 terim,
468 1909 544 1975 dum
566 1930 676 1977 versus
698 1909 831 1977 Romam
858 1909 1120 1996 peregrinaretur.
1165 1909 1202 1976 In
1223 1910 1422 1998 perferendis
1442 1911 1496 1977 ite·

331 2046 391 2111 que
416 2025 574 2092 mandatis
597 2026 710 2093 vestris
733 2046 806 2092 eum
827 2024 1005 2113 predictum
1025 2032 1150 2113 tempus
1172 2024 1365 2113 effluxisset,
1395 2028 1498 2113 quinto

332 2142 452 2209 deoimo
479 2142 609 2209 tandem
635 2142 686 2211 die
708 2143 793 2229 oepit
816 2142 981 2230 episeopus
1002 2141 1180 2229 predictum
1200 2144 1401 2230 prepositum
1421 2144 1497 2227 Ztei-

332 2258 461 2342 zolfum)
484 2259 524 2325 de
545 2258 758 2326 inobedientia
784 2259 943 2343 incusare,
965 2262 999 2325 et
1020 2278 1115 2345 super
1135 2258 1196 2327 hoo
1217 2260 1404 2327 mnoniemn
1423 2280 1498 2349 pene

332 2375 521 2443 sententiam
548 2396 568 2443 e
596 2374 717 2442 clericis
745 2375 915 2463 postulare.
961 2374 1040 2441 cum
1061 2394 1136 2441 vero
1158 2376 1300 2462 prefatus
1321 2378 1496 2465 prepositus

332 2493 493 2577 sensisset,
516 2512 550 2559 se
573 2512 594 2557 a
614 2491 772 2559 eanonieis
794 2492 902 2579 iniquo
925 2489 996 2557 odio
1017 2494 1202 2579 pregravari
1218 2498 1252 2560 et
1264 2494 1373 2563 omnia
1386 2492 1496 2562 aecolo-

332 2610 461 2677 siastioa
481 2607 632 2676 beneficia
654 2608 714 2676 sibi
737 2613 844 2693 preter
864 2626 986 2673 morem
1008 2613 1040 2673 et
1061 2608 1205 2677 ordinem
1226 2609 1413 2696 abiudicari,
1437 2630 1496 2676 me·

332 2726 573 2815 tapsitanum,
600 2722 821 2809 Mogontinum
841 2722 989 2791 videlieet
1010 2722 1307 2813 arehiepiscopum,
1336 2726 1495 2814 apellavit

333 2843 433 2909 etsie
456 2846 529 2909 ante
551 2842 658 2908 datam
673 2841 871 2926 sententiam,
895 2860 989 2926 quam
1004 2840 1201 2909 adversarius
1216 2842 1284 2910 eius
1299 2840 1497 2911 Gerehardus

333 2959 437 3047 prima
451 2978 528 3025 vooe
541 2957 731 3046 proferebat,
746 2978 780 3024 se
796 2976 913 3043 suaque
928 2956 963 3023 in
974 2961 1112 3024 vestram
1126 2957 1258 3025 tutelam
1268 2960 1496 3042 oommendaus,

335 3073 374 3141 ab
397 3074 442 3141 eis
465 3074 573 3141 exivit
603 3072 740 3140 Vocatus
761 3072 921 3160 Spirensis
942 3074 1108 3161 episeopus
1131 3075 1415 3163 ametropolitano
1436 3094 1496 3157 suo,

334 3210 406 3256 eum
435 3189 557 3257 eleriois
585 3190 650 3256 suis
672 3188 869 3275 Mogontiam
894 3190 996 3272 venit3
1024 3189 1080 3257 ubi
1106 3210 1180 3257 eum
1204 3192 1270 3258 iam
1298 3212 1374 3277 sepe
1402 3193 1496 3259 dietus

334 3304 516 3390 Z(eizolfus)
544 3305 722 3392 prepositus
748 3325 851 3391 neque
878 3306 1128 3373 misericordiam
1153 3326 1255 3393 neque
1281 3308 1435 3376 iudicium
1453 3308 1496 3373 in·

335 3422 443 3489 venire
465 3421 635 3509 potuisset,
666 3427 805 3489 vestram
826 3422 1019 3509 presentiam
1041 3420 1222 3510 appellarit
1311 3424 1400 3492 Haeo
1420 3430 1494 3505 sunt,

335 3542 425 3626 pater
446 3536 624 3624 karissime,
651 3558 711 3624 que
733 3539 889 3607 veraciter
910 3534 1113 3624 audirimus⁸,
1137 3544 1169 3606 et
1191 3560 1271 3625 quae
1291 3561 1350 3628 pro
1374 3560 1495 3630 oppres·

335 3654 424 3721 sione
447 3654 556 3721 fratris
578 3655 678 3721 nostri
698 3655 812 3742 pietati
833 3659 956 3722 vestrae
976 3656 1124 3722 intimare
1146 3656 1340 3743 curarimus,
1369 3660 1494 3726 seientes

334 3768 445 3857 prooul
467 3770 572 3855 dubio,
596 3771 680 3858 quod
700 3771 735 3837 in
757 3776 927 3859 conspeetu
940 3776 1045 3838 uestro
1060 3770 1277 3840 misericordia
1290 3774 1495 3861 superexaltat

335 3885 501 3971 iudicium,
531 3891 563 3953 et
584 3887 668 3973 quod
693 3886 728 3953 in
755 3888 842 3955 nullo
871 3887 983 3955 violari
1008 3908 1170 3956 saerorum
1197 3909 1353 3958 sanonum
1379 3893 1494 3960 neuen

335 4002 509 4090 patiamini

407 4130 428 4164 Ι.
448 4130 499 4166 Μ
515 4135 559 4165 OM·
570 4135 590 4165 θ.

408 4202 434 4258 1.
457 4203 624 4260 Buooonem.
712 4204 739 4260 2.
761 4202 909 4262 Adamum.
991 4208 1018 4263 3.
1041 4206 1194 4265 Guntbero.
1281 4208 1308 4264 4.
1332 4207 1489 4265 Heinrioum

337 4290 364 4346 5.
381 4290 555 4349 Franoofurti
572 4308 667 4350 meuse
683 4292 822 4363 Augusto.
