<?xml version="1.0" encoding="UTF-8"?>
<!DOCTYPE html PUBLIC "-//W3C//DTD XHTML 1.0 Transitional//EN"
    "http://www.w3.org/TR/xhtml1/DTD/xhtml1-transitional.dtd">
<html xmlns="http://www.w3.org/1999/xhtml" xml:lang="en" lang="en">
 <head>
  <title>
</title>
<meta http-equiv="Content-Type" content="text/html;charset=utf-8" />
  <meta name='ocr-system' content='tesseract 3.04.00' />
  <meta name='ocr-capabilities' content='ocr_page ocr_carea ocr_par ocr_line ocrx_word'/>
</head>
<body>
  <div class='ocr_page' id='page_1' title='image "./bibliothecareru05jaffgoog_0028.png"; bbox 0 0 3117 4859; ppageno 0'>
   <div class='ocr_carea' id='block_1_1' title="bbox 183 775 292 835">
    <p class='ocr_par' dir='ltr' id='par_1_1' title="bbox 183 775 292 835">
     <span class='ocr_line' id='line_1_1' title="bbox 183 775 292 835; baseline -0.009 -12"><span class='ocrx_word' id='word_1_1' title='bbox 183 775 225 823; x_wconf 83' lang='lat' dir='ltr'>lab</span> <span class='ocrx_word' id='word_1_2' title='bbox 234 775 292 835; x_wconf 67' lang='lat' dir='ltr'>Aug.</span> 
     </span>
    </p>
   </div>
   <div class='ocr_carea' id='block_1_2' title="bbox 313 249 1070 319">
    <p class='ocr_par' dir='ltr' id='par_1_2' title="bbox 313 249 1070 319">
     <span class='ocr_line' id='line_1_2' title="bbox 313 249 1070 319; baseline -0.001 -2"><span class='ocrx_word' id='word_1_3' title='bbox 313 249 355 319; x_wconf 87' lang='grc'>12</span> <span class='ocrx_word' id='word_1_4' title='bbox 718 265 933 318; x_wconf 73' lang='lat' dir='ltr'>ramsmmo</span> <span class='ocrx_word' id='word_1_5' title='bbox 955 265 983 316; x_wconf 85' lang='lat' dir='ltr'>s.</span> <span class='ocrx_word' id='word_1_6' title='bbox 999 267 1070 316; x_wconf 82' lang='lat' dir='ltr'>vnn</span> 
     </span>
    </p>
   </div>
   <div class='ocr_carea' id='block_1_3' title="bbox 308 406 1478 2014">
    <p class='ocr_par' dir='ltr' id='par_1_3' title="bbox 309 406 1477 961">
     <span class='ocr_line' id='line_1_3' title="bbox 310 406 1476 496; baseline -0.002 -18"><span class='ocrx_word' id='word_1_7' title='bbox 310 407 521 478; x_wconf 82' lang='lat' dir='ltr'>venerabilem</span> <span class='ocrx_word' id='word_1_8' title='bbox 543 409 648 476; x_wconf 72' lang='lat' dir='ltr'>viram</span> <span class='ocrx_word' id='word_1_9' title='bbox 668 406 833 477; x_wconf 85' lang='lat' dir='ltr'>Walonem</span> <span class='ocrx_word' id='word_1_10' title='bbox 860 407 900 476; x_wconf 88' lang='lat' dir='ltr'>ad</span> <span class='ocrx_word' id='word_1_11' title='bbox 927 406 1096 496; x_wconf 82' lang='lat' dir='ltr'>palatium,</span> <span class='ocrx_word' id='word_1_12' title='bbox 1123 413 1160 475; x_wconf 86' lang='lat' dir='ltr'>nt</span> <span class='ocrx_word' id='word_1_13' title='bbox 1181 407 1278 476; x_wconf 89' lang='lat' dir='ltr'>talem</span> <span class='ocrx_word' id='word_1_14' title='bbox 1299 407 1476 476; x_wconf 88' lang='lat' dir='ltr'>libertatem</span> 
     </span>
     <span class='ocr_line' id='line_1_4' title="bbox 311 522 1476 613; baseline -0.002 -19"><span class='ocrx_word' id='word_1_15' title='bbox 311 531 344 594; x_wconf 89' lang='lat' dir='ltr'>et</span> <span class='ocrx_word' id='word_1_16' title='bbox 364 526 529 594; x_wconf 77' lang='lat' dir='ltr'><strong>tuitionem</strong></span> <span class='ocrx_word' id='word_1_17' title='bbox 551 547 591 593; x_wconf 85' lang='lat' dir='ltr'>ex</span> <span class='ocrx_word' id='word_1_18' title='bbox 612 530 705 613; x_wconf 84' lang='lat' dir='ltr'>parte</span> <span class='ocrx_word' id='word_1_19' title='bbox 720 525 844 592; x_wconf 87' lang='lat' dir='ltr'>domni·</span> <span class='ocrx_word' id='word_1_20' title='bbox 859 525 1059 612; x_wconf 79' lang='lat' dir='ltr'>imperatoria</span> <span class='ocrx_word' id='word_1_21' title='bbox 1074 522 1136 592; x_wconf 92' lang='lat' dir='ltr'>looi</span> <span class='ocrx_word' id='word_1_22' title='bbox 1148 523 1234 592; x_wconf 87' lang='lat' dir='ltr'>illine</span> <span class='ocrx_word' id='word_1_23' title='bbox 1249 524 1476 594; x_wconf 82' lang='lat' dir='ltr'>habitatoribus</span> 
     </span>
     <span class='ocr_line' id='line_1_5' title="bbox 310 640 1476 730; baseline -0.002 -20"><span class='ocrx_word' id='word_1_24' title='bbox 310 644 504 730; x_wconf 72' lang='lat' dir='ltr'>impetraret,</span> <span class='ocrx_word' id='word_1_25' title='bbox 527 641 653 728; x_wconf 77' lang='lat' dir='ltr'>qnsbem</span> <span class='ocrx_word' id='word_1_26' title='bbox 675 646 780 710; x_wconf 87' lang='lat' dir='ltr'>eetera</span> <span class='ocrx_word' id='word_1_27' title='bbox 802 661 924 728; x_wconf 88' lang='lat' dir='ltr'>quoque</span> <span class='ocrx_word' id='word_1_28' title='bbox 940 641 1088 710; x_wconf 83' lang='lat' dir='ltr'>sublimia</span> <span class='ocrx_word' id='word_1_29' title='bbox 1102 641 1293 710; x_wconf 87' lang='lat' dir='ltr'>monasteria</span> <span class='ocrx_word' id='word_1_30' title='bbox 1306 661 1364 729; x_wconf 88' lang='lat' dir='ltr'>per</span> <span class='ocrx_word' id='word_1_31' title='bbox 1378 640 1476 708; x_wconf 88' lang='lat' dir='ltr'>Fran·</span> 
     </span>
     <span class='ocr_line' id='line_1_6' title="bbox 310 757 1477 846; baseline -0.001 -18"><span class='ocrx_word' id='word_1_32' title='bbox 310 760 393 828; x_wconf 87' lang='lat' dir='ltr'>eiam</span> <span class='ocrx_word' id='word_1_33' title='bbox 413 759 578 828; x_wconf 85' lang='lat' dir='ltr'>habebant</span> <span class='ocrx_word' id='word_1_34' title='bbox 612 758 703 838; x_wconf 80' lang='lat' dir='ltr'>Quod</span> <span class='ocrx_word' id='word_1_35' title='bbox 723 757 777 827; x_wconf 90' lang='lat' dir='ltr'>ille</span> <span class='ocrx_word' id='word_1_36' title='bbox 799 757 934 826; x_wconf 88' lang='lat' dir='ltr'>fideliter</span> <span class='ocrx_word' id='word_1_37' title='bbox 956 759 1021 843; x_wconf 80' lang='lat' dir='ltr'>egit</span> <span class='ocrx_word' id='word_1_38' title='bbox 1042 763 1075 826; x_wconf 91' lang='lat' dir='ltr'>et</span> <span class='ocrx_word' id='word_1_39' title='bbox 1089 758 1221 826; x_wconf 86' lang='lat' dir='ltr'>domnus</span> <span class='ocrx_word' id='word_1_40' title='bbox 1236 759 1409 846; x_wconf 86' lang='lat' dir='ltr'>imperator</span> <span class='ocrx_word' id='word_1_41' title='bbox 1424 759 1477 828; x_wconf 87' lang='lat' dir='ltr'>be·</span> 
     </span>
     <span class='ocr_line' id='line_1_7' title="bbox 309 871 607 961; baseline -0.007 -18"><span class='ocrx_word' id='word_1_42' title='bbox 309 877 406 961; x_wconf 78' lang='lat' dir='ltr'>nigne</span> <span class='ocrx_word' id='word_1_43' title='bbox 426 871 607 944; x_wconf 55' lang='lat' dir='ltr'>aemonis&amp;</span> 
     </span>
    </p>

    <p class='ocr_par' dir='ltr' id='par_1_4' title="bbox 308 991 1478 2014">
     <span class='ocr_line' id='line_1_8' title="bbox 398 991 1476 1081; baseline -0.001 -22"><span class='ocrx_word' id='word_1_44' title='bbox 398 992 484 1071; x_wconf 82' lang='lat' dir='ltr'>Quae</span> <span class='ocrx_word' id='word_1_45' title='bbox 511 996 679 1081; x_wconf 86' lang='lat' dir='ltr'>postquam</span> <span class='ocrx_word' id='word_1_46' title='bbox 707 996 798 1076; x_wconf 75' lang='lat' dir='ltr'>gesta</span> <span class='ocrx_word' id='word_1_47' title='bbox 823 997 913 1076; x_wconf 85' lang='lat' dir='ltr'>sont,</span> <span class='ocrx_word' id='word_1_48' title='bbox 939 991 1056 1060; x_wconf 83' lang='lat' dir='ltr'>iterum</span> <span class='ocrx_word' id='word_1_49' title='bbox 1077 991 1182 1079; x_wconf 88' lang='lat' dir='ltr'>eoepit</span> <span class='ocrx_word' id='word_1_50' title='bbox 1202 992 1354 1077; x_wconf 75' lang='lat' dir='ltr'>cogitare,</span> <span class='ocrx_word' id='word_1_51' title='bbox 1383 1011 1476 1078; x_wconf 86' lang='lat' dir='ltr'>quem</span> 
     </span>
     <span class='ocr_line' id='line_1_9' title="bbox 309 1107 1477 1197; baseline -0.003 -19"><span class='ocrx_word' id='word_1_52' title='bbox 309 1109 429 1178; x_wconf 73' lang='lat' dir='ltr'>eidemb</span> <span class='ocrx_word' id='word_1_53' title='bbox 451 1109 520 1176; x_wconf 91' lang='lat' dir='ltr'>looo</span> <span class='ocrx_word' id='word_1_54' title='bbox 547 1109 648 1197; x_wconf 89' lang='lat' dir='ltr'>patris</span> <span class='ocrx_word' id='word_1_55' title='bbox 674 1108 819 1176; x_wconf 80' lang='lat' dir='ltr'>nomine·</span> <span class='ocrx_word' id='word_1_56' title='bbox 843 1108 988 1176; x_wconf 75' lang='lat' dir='ltr'>abbatem</span> <span class='ocrx_word' id='word_1_57' title='bbox 1013 1107 1203 1195; x_wconf 73' lang='lat' dir='ltr'>praeferret,</span> <span class='ocrx_word' id='word_1_58' title='bbox 1229 1109 1284 1196; x_wconf 89' lang='lat' dir='ltr'>qui</span> <span class='ocrx_word' id='word_1_59' title='bbox 1306 1109 1477 1176; x_wconf 76' lang='lat' dir='ltr'><strong>secundm</strong></span> 
     </span>
     <span class='ocr_line' id='line_1_10' title="bbox 308 1223 1477 1313; baseline -0.002 -19"><span class='ocrx_word' id='word_1_60' title='bbox 308 1227 503 1294; x_wconf 84' lang='lat' dir='ltr'>volantatem</span> <span class='ocrx_word' id='word_1_61' title='bbox 516 1225 663 1294; x_wconf 73' lang='lat' dir='ltr'>Domini‘</span> <span class='ocrx_word' id='word_1_62' title='bbox 682 1246 792 1310; x_wconf 80' lang='lat' dir='ltr'>regere</span> <span class='ocrx_word' id='word_1_63' title='bbox 811 1229 920 1313; x_wconf 87' lang='lat' dir='ltr'>posset</span> <span class='ocrx_word' id='word_1_64' title='bbox 932 1223 1157 1292; x_wconf 75' lang='lat' dir='ltr'>monachornm</span> <span class='ocrx_word' id='word_1_65' title='bbox 1171 1245 1308 1311; x_wconf 75' lang='lat' dir='ltr'>gregem,</span> <span class='ocrx_word' id='word_1_66' title='bbox 1331 1227 1386 1312; x_wconf 90' lang='lat' dir='ltr'>qni</span> <span class='ocrx_word' id='word_1_67' title='bbox 1400 1245 1477 1312; x_wconf 89' lang='lat' dir='ltr'>qno-</span> 
     </span>
     <span class='ocr_line' id='line_1_11' title="bbox 309 1340 1478 1430; baseline -0.001 -19"><span class='ocrx_word' id='word_1_68' title='bbox 309 1343 388 1412; x_wconf 85' lang='lat' dir='ltr'>tidie</span> <span class='ocrx_word' id='word_1_69' title='bbox 415 1343 588 1427; x_wconf 77' lang='lat' dir='ltr'>augebator</span> <span class='ocrx_word' id='word_1_70' title='bbox 614 1347 709 1429; x_wconf 82' lang='lat' dir='ltr'>atque</span> <span class='ocrx_word' id='word_1_71' title='bbox 734 1342 902 1410; x_wconf 78' lang='lat' dir='ltr'>mesoebat.</span> <span class='ocrx_word' id='word_1_72' title='bbox 948 1341 1028 1408; x_wconf 84' lang='lat' dir='ltr'>Erat</span> <span class='ocrx_word' id='word_1_73' title='bbox 1048 1340 1159 1409; x_wconf 86' lang='lat' dir='ltr'>eodem</span> <span class='ocrx_word' id='word_1_74' title='bbox 1179 1347 1322 1430; x_wconf 89' lang='lat' dir='ltr'>tempore</span> <span class='ocrx_word' id='word_1_75' title='bbox 1343 1344 1378 1409; x_wconf 92' lang='lat' dir='ltr'>in</span> <span class='ocrx_word' id='word_1_76' title='bbox 1401 1343 1478 1410; x_wconf 84' lang='lat' dir='ltr'>Gor·</span> 
     </span>
     <span class='ocr_line' id='line_1_12' title="bbox 309 1457 1476 1545; baseline -0.003 -16"><span class='ocrx_word' id='word_1_77' title='bbox 309 1460 430 1530; x_wconf 91' lang='lat' dir='ltr'>beiensi</span> <span class='ocrx_word' id='word_1_78' title='bbox 451 1460 641 1527; x_wconf 85' lang='lat' dir='ltr'>monasterio</span> <span class='ocrx_word' id='word_1_79' title='bbox 664 1459 792 1545; x_wconf 86' lang='lat' dir='ltr'>qnidam</span> <span class='ocrx_word' id='word_1_80' title='bbox 814 1457 994 1526; x_wconf 76' lang='lat' dir='ltr'><strong>adolescens</strong></span> <span class='ocrx_word' id='word_1_81' title='bbox 1016 1459 1197 1543; x_wconf 72' lang='lat' dir='ltr'>monaobna</span> <span class='ocrx_word' id='word_1_82' title='bbox 1221 1459 1276 1545; x_wconf 92' lang='lat' dir='ltr'>qni</span> <span class='ocrx_word' id='word_1_83' title='bbox 1292 1479 1332 1526; x_wconf 84' lang='lat' dir='ltr'>ex</span> <span class='ocrx_word' id='word_1_84' title='bbox 1345 1459 1476 1528; x_wconf 85' lang='lat' dir='ltr'>nobilis·</span> 
     </span>
     <span class='ocr_line' id='line_1_13' title="bbox 310 1569 1477 1663; baseline -0.002 -17"><span class='ocrx_word' id='word_1_85' title='bbox 310 1579 390 1646; x_wconf 82' lang='lat' dir='ltr'>aimo</span> <span class='ocrx_word' id='word_1_86' title='bbox 412 1575 605 1644; x_wconf 74' lang='lat' dir='ltr'>Francorum</span> <span class='ocrx_word' id='word_1_87' title='bbox 632 1581 726 1663; x_wconf 83' lang='lat' dir='ltr'>atque</span> <span class='ocrx_word' id='word_1_88' title='bbox 748 1575 910 1643; x_wconf 83' lang='lat' dir='ltr'>Saxonum</span> <span class='ocrx_word' id='word_1_89' title='bbox 937 1595 1051 1660; x_wconf 78' lang='lat' dir='ltr'>genere</span> <span class='ocrx_word' id='word_1_90' title='bbox 1078 1575 1181 1644; x_wconf 84' lang='lat' dir='ltr'>fuerat</span> <span class='ocrx_word' id='word_1_91' title='bbox 1210 1569 1327 1660; x_wconf 81' lang='lat' dir='ltr'>ortns¹,</span> <span class='ocrx_word' id='word_1_92' title='bbox 1349 1575 1477 1644; x_wconf 87' lang='lat' dir='ltr'>nomine</span> 
     </span>
     <span class='ocr_line' id='line_1_14' title="bbox 309 1691 1476 1780; baseline -0.001 -19"><span class='ocrx_word' id='word_1_93' title='bbox 309 1691 467 1762; x_wconf 81' lang='lat' dir='ltr'>Warinoa</span> <span class='ocrx_word' id='word_1_94' title='bbox 508 1693 569 1760; x_wconf 91' lang='lat' dir='ltr'>Hie</span> <span class='ocrx_word' id='word_1_95' title='bbox 591 1697 722 1760; x_wconf 79' lang='lat' dir='ltr'>etanta</span> <span class='ocrx_word' id='word_1_96' title='bbox 741 1692 934 1780; x_wconf 83' lang='lat' dir='ltr'>perfeetione</span> <span class='ocrx_word' id='word_1_97' title='bbox 956 1692 1075 1780; x_wconf 86' lang='lat' dir='ltr'>eoepit,</span> <span class='ocrx_word' id='word_1_98' title='bbox 1097 1697 1134 1760; x_wconf 89' lang='lat' dir='ltr'>nt</span> <span class='ocrx_word' id='word_1_99' title='bbox 1155 1712 1227 1760; x_wconf 88' lang='lat' dir='ltr'>oum</span> <span class='ocrx_word' id='word_1_100' title='bbox 1249 1697 1332 1761; x_wconf 89' lang='lat' dir='ltr'>esset</span> <span class='ocrx_word' id='word_1_101' title='bbox 1354 1691 1476 1760; x_wconf 83' lang='lat' dir='ltr'>invenis</span> 
     </span>
     <span class='ocr_line' id='line_1_15' title="bbox 310 1807 1478 1897; baseline 0.001 -22"><span class='ocrx_word' id='word_1_102' title='bbox 310 1813 405 1894; x_wconf 80' lang='lat' dir='ltr'>atque</span> <span class='ocrx_word' id='word_1_103' title='bbox 430 1828 548 1894; x_wconf 80' lang='lat' dir='ltr'>magna</span> <span class='ocrx_word' id='word_1_104' title='bbox 572 1813 728 1897; x_wconf 75' lang='lat' dir='ltr'>potestate</span> <span class='ocrx_word' id='word_1_105' title='bbox 756 1807 918 1896; x_wconf 82' lang='lat' dir='ltr'>praeditus</span> <span class='ocrx_word' id='word_1_106' title='bbox 947 1807 1137 1895; x_wconf 76' lang='lat' dir='ltr'>haberetque</span> <span class='ocrx_word' id='word_1_107' title='bbox 1165 1809 1226 1878; x_wconf 85' lang='lat' dir='ltr'>sibi</span> <span class='ocrx_word' id='word_1_108' title='bbox 1255 1811 1478 1897; x_wconf 86' lang='lat' dir='ltr'>desponsatam</span> 
     </span>
     <span class='ocr_line' id='line_1_16' title="bbox 310 1925 1476 2014; baseline 0.001 -21"><span class='ocrx_word' id='word_1_109' title='bbox 310 1926 464 2009; x_wconf 79' lang='lat' dir='ltr'>virginem</span> <span class='ocrx_word' id='word_1_110' title='bbox 485 1925 629 2012; x_wconf 88' lang='lat' dir='ltr'>pnloram</span> <span class='ocrx_word' id='word_1_111' title='bbox 650 1930 745 2011; x_wconf 80' lang='lat' dir='ltr'>atquo</span> <span class='ocrx_word' id='word_1_112' title='bbox 766 1925 995 1992; x_wconf 78' lang='lat' dir='ltr'>nobilissimam</span> <span class='ocrx_word' id='word_1_113' title='bbox 1017 1929 1050 1992; x_wconf 91' lang='lat' dir='ltr'>et</span> <span class='ocrx_word' id='word_1_114' title='bbox 1071 1926 1136 1994; x_wconf 90' lang='lat' dir='ltr'>iam</span> <span class='ocrx_word' id='word_1_115' title='bbox 1157 1926 1282 2013; x_wconf 88' lang='lat' dir='ltr'>iamque</span> <span class='ocrx_word' id='word_1_116' title='bbox 1303 1927 1388 1994; x_wconf 85' lang='lat' dir='ltr'>inter</span> <span class='ocrx_word' id='word_1_117' title='bbox 1409 1926 1476 2014; x_wconf 89' lang='lat' dir='ltr'>pri·</span> 
     </span>
    </p>
   </div>
   <div class='ocr_carea' id='block_1_4' title="bbox 202 2041 1476 2130">
    <p class='ocr_par' dir='ltr' id='par_1_5' title="bbox 202 2041 1476 2130">
     <span class='ocr_line' id='line_1_17' title="bbox 202 2041 1476 2130; baseline 0.002 -22"><span class='ocrx_word' id='word_1_118' title='bbox 202 2122 206 2130; x_wconf 19' lang='lat'>⁵</span> <span class='ocrx_word' id='word_1_119' title='bbox 309 2061 377 2109; x_wconf 86' lang='lat' dir='ltr'>mos</span> <span class='ocrx_word' id='word_1_120' title='bbox 406 2041 517 2128; x_wconf 88' lang='lat' dir='ltr'>palatii</span> <span class='ocrx_word' id='word_1_121' title='bbox 544 2041 744 2126; x_wconf 82' lang='lat' dir='ltr'>oonsisteret,</span> <span class='ocrx_word' id='word_1_122' title='bbox 772 2041 867 2127; x_wconf 80' lang='lat' dir='ltr'>elegit</span> <span class='ocrx_word' id='word_1_123' title='bbox 894 2041 999 2129; x_wconf 87' lang='lat' dir='ltr'>potins</span> <span class='ocrx_word' id='word_1_124' title='bbox 1029 2042 1146 2110; x_wconf 84' lang='lat' dir='ltr'>servire</span> <span class='ocrx_word' id='word_1_125' title='bbox 1173 2042 1326 2110; x_wconf 87' lang='lat' dir='ltr'>Domino·</span> <span class='ocrx_word' id='word_1_126' title='bbox 1349 2048 1476 2110; x_wconf 85' lang='lat' dir='ltr'>aeterno</span> 
     </span>
    </p>
   </div>
   <div class='ocr_carea' id='block_1_5' title="bbox 110 3100 282 3166">
    <p class='ocr_par' dir='ltr' id='par_1_6' title="bbox 110 3100 282 3166">
     <span class='ocr_line' id='line_1_18' title="bbox 110 3100 282 3166; baseline -0.006 -10"><span class='ocrx_word' id='word_1_127' title='bbox 110 3100 282 3166; x_wconf 76' lang='grc' dir='ltr'>ι826</span> 
     </span>
    </p>
   </div>
   <div class='ocr_carea' id='block_1_6' title="bbox 220 3175 291 3223">
    <p class='ocr_par' dir='ltr' id='par_1_7' title="bbox 220 3175 291 3223">
     <span class='ocr_line' id='line_1_19' title="bbox 220 3175 291 3223; baseline -0.042 0"><span class='ocrx_word' id='word_1_128' title='bbox 220 3175 291 3223; x_wconf 62' lang='lat' dir='ltr'>Irni</span> 
     </span>
    </p>
   </div>
   <div class='ocr_carea' id='block_1_7' title="bbox 306 2157 1477 3758">
    <p class='ocr_par' dir='ltr' id='par_1_8' title="bbox 306 2157 1477 3064">
     <span class='ocr_line' id='line_1_20' title="bbox 309 2157 1474 2247; baseline 0.002 -21"><span class='ocrx_word' id='word_1_129' title='bbox 309 2176 404 2245; x_wconf 84' lang='lat' dir='ltr'>quem</span> <span class='ocrx_word' id='word_1_130' title='bbox 424 2157 493 2242; x_wconf 75' lang='lat' dir='ltr'>regi</span> <span class='ocrx_word' id='word_1_131' title='bbox 513 2157 651 2243; x_wconf 81' lang='lat' dir='ltr'>mortali,</span> <span class='ocrx_word' id='word_1_132' title='bbox 673 2157 855 2245; x_wconf 85' lang='lat' dir='ltr'>reliotisqns</span> <span class='ocrx_word' id='word_1_133' title='bbox 876 2157 1020 2226; x_wconf 84' lang='lat' dir='ltr'>omnibns</span> <span class='ocrx_word' id='word_1_134' title='bbox 1034 2163 1161 2245; x_wconf 91' lang='lat' dir='ltr'>portum</span> <span class='ocrx_word' id='word_1_135' title='bbox 1175 2159 1360 2228; x_wconf 85' lang='lat' dir='ltr'>monasterii</span> <span class='ocrx_word' id='word_1_136' title='bbox 1372 2161 1474 2247; x_wconf 81' lang='lat' dir='ltr'>petiit</span> 
     </span>
     <span class='ocr_line' id='line_1_21' title="bbox 308 2273 1475 2363; baseline 0.002 -21"><span class='ocrx_word' id='word_1_137' title='bbox 308 2275 401 2343; x_wconf 85' lang='lat' dir='ltr'>Hune</span> <span class='ocrx_word' id='word_1_138' title='bbox 422 2275 566 2343; x_wconf 87' lang='lat' dir='ltr'>invenem</span> <span class='ocrx_word' id='word_1_139' title='bbox 589 2275 776 2343; x_wconf 84' lang='lat' dir='ltr'>venerabilis</span> <span class='ocrx_word' id='word_1_140' title='bbox 798 2279 891 2363; x_wconf 89' lang='lat' dir='ltr'>pater</span> <span class='ocrx_word' id='word_1_141' title='bbox 912 2275 947 2342; x_wconf 95' lang='lat' dir='ltr'>in</span> <span class='ocrx_word' id='word_1_142' title='bbox 969 2293 1051 2342; x_wconf 89' lang='lat' dir='ltr'>nova</span> <span class='ocrx_word' id='word_1_143' title='bbox 1065 2273 1199 2342; x_wconf 84' lang='lat' dir='ltr'>Gorbeia</span> <span class='ocrx_word' id='word_1_144' title='bbox 1214 2275 1359 2344; x_wconf 89' lang='lat' dir='ltr'>abbatem</span> <span class='ocrx_word' id='word_1_145' title='bbox 1372 2275 1475 2344; x_wconf 83' lang='lat' dir='ltr'>facere</span> 
     </span>
     <span class='ocr_line' id='line_1_22' title="bbox 308 2390 1477 2479; baseline -0.002 -17"><span class='ocrx_word' id='word_1_146' title='bbox 308 2392 483 2478; x_wconf 76' lang='lat' dir='ltr'>osgitabat,</span> <span class='ocrx_word' id='word_1_147' title='bbox 509 2390 667 2460; x_wconf 82' lang='lat' dir='ltr'>eontidens</span> <span class='ocrx_word' id='word_1_148' title='bbox 689 2391 809 2459; x_wconf 84' lang='lat' dir='ltr'>soilioet</span> <span class='ocrx_word' id='word_1_149' title='bbox 831 2392 869 2460; x_wconf 88' lang='lat' dir='ltr'>de</span> <span class='ocrx_word' id='word_1_150' title='bbox 891 2391 1034 2460; x_wconf 76' lang='lat' dir='ltr'>Dominit</span> <span class='ocrx_word' id='word_1_151' title='bbox 1055 2391 1284 2478; x_wconf 79' lang='lat' dir='ltr'>misericordia,</span> <span class='ocrx_word' id='word_1_152' title='bbox 1306 2397 1357 2477; x_wconf 86' lang='lat' dir='ltr'>nt,</span> <span class='ocrx_word' id='word_1_153' title='bbox 1380 2393 1436 2479; x_wconf 87' lang='lat' dir='ltr'>qni</span> <span class='ocrx_word' id='word_1_154' title='bbox 1457 2413 1477 2460; x_wconf 92' lang='lat' dir='ltr'>a</span> 
     </span>
     <span class='ocr_line' id='line_1_23' title="bbox 309 2508 1475 2596; baseline 0.001 -19"><span class='ocrx_word' id='word_1_155' title='bbox 309 2513 399 2577; x_wconf 80' lang='lat' dir='ltr'>tenta</span> <span class='ocrx_word' id='word_1_156' title='bbox 429 2509 622 2596; x_wconf 78' lang='lat' dir='ltr'>portentione</span> <span class='ocrx_word' id='word_1_157' title='bbox 653 2508 825 2596; x_wconf 74' lang='lat' dir='ltr'>coepisset,</span> <span class='ocrx_word' id='word_1_158' title='bbox 859 2508 1028 2596; x_wconf 75' lang='lat' dir='ltr'>perfectius</span> <span class='ocrx_word' id='word_1_159' title='bbox 1061 2514 1302 2578; x_wconf 81' lang='lat' dir='ltr'>consummaret</span> <span class='ocrx_word' id='word_1_160' title='bbox 1347 2508 1475 2578; x_wconf 84' lang='lat' dir='ltr'>Fratres</span> 
     </span>
     <span class='ocr_line' id='line_1_24' title="bbox 309 2624 1477 2711; baseline 0 -17"><span class='ocrx_word' id='word_1_161' title='bbox 309 2629 415 2694; x_wconf 85' lang='lat' dir='ltr'>autem</span> <span class='ocrx_word' id='word_1_162' title='bbox 436 2625 626 2695; x_wconf 78' lang='lat' dir='ltr'>studiosius·</span> <span class='ocrx_word' id='word_1_163' title='bbox 648 2627 792 2711; x_wconf 76' lang='lat' dir='ltr'>agebant,</span> <span class='ocrx_word' id='word_1_164' title='bbox 815 2630 852 2692; x_wconf 88' lang='lat' dir='ltr'>ut</span> <span class='ocrx_word' id='word_1_165' title='bbox 872 2624 1084 2694; x_wconf 85' lang='lat' dir='ltr'>venerabilem</span> <span class='ocrx_word' id='word_1_166' title='bbox 1105 2626 1209 2694; x_wconf 84' lang='lat' dir='ltr'>virnm</span> <span class='ocrx_word' id='word_1_167' title='bbox 1228 2625 1392 2694; x_wconf 86' lang='lat' dir='ltr'>Walonem</span> <span class='ocrx_word' id='word_1_168' title='bbox 1415 2627 1477 2696; x_wconf 86' lang='lat' dir='ltr'>eibi</span> 
     </span>
     <span class='ocr_line' id='line_1_25' title="bbox 307 2741 1475 2830; baseline 0.003 -20"><span class='ocrx_word' id='word_1_169' title='bbox 307 2741 343 2810; x_wconf 93' lang='lat' dir='ltr'>in</span> <span class='ocrx_word' id='word_1_170' title='bbox 363 2747 488 2830; x_wconf 85' lang='lat' dir='ltr'>petrem</span> <span class='ocrx_word' id='word_1_171' title='bbox 510 2741 671 2828; x_wconf 81' lang='lat' dir='ltr'>eligerent.</span> <span class='ocrx_word' id='word_1_172' title='bbox 706 2742 837 2811; x_wconf 86' lang='lat' dir='ltr'>Interim</span> <span class='ocrx_word' id='word_1_173' title='bbox 859 2761 931 2810; x_wconf 88' lang='lat' dir='ltr'>enm</span> <span class='ocrx_word' id='word_1_174' title='bbox 952 2742 1017 2808; x_wconf 90' lang='lat' dir='ltr'>iam</span> <span class='ocrx_word' id='word_1_175' title='bbox 1040 2742 1165 2830; x_wconf 85' lang='lat' dir='ltr'>iamque</span> <span class='ocrx_word' id='word_1_176' title='bbox 1187 2743 1272 2810; x_wconf 89' lang='lat' dir='ltr'>diem</span> <span class='ocrx_word' id='word_1_177' title='bbox 1287 2745 1475 2829; x_wconf 80' lang='lat' dir='ltr'>egressionis</span> 
     </span>
     <span class='ocr_line' id='line_1_26' title="bbox 308 2859 1477 2950; baseline 0.003 -24"><span class='ocrx_word' id='word_1_178' title='bbox 308 2879 383 2926; x_wconf 86' lang='lat' dir='ltr'>snae</span> <span class='ocrx_word' id='word_1_179' title='bbox 405 2859 517 2927; x_wconf 90' lang='lat' dir='ltr'>adesse</span> <span class='ocrx_word' id='word_1_180' title='bbox 538 2859 685 2944; x_wconf 83' lang='lat' dir='ltr'>sentiret,</span> <span class='ocrx_word' id='word_1_181' title='bbox 713 2859 816 2945; x_wconf 85' lang='lat' dir='ltr'>misit,</span> <span class='ocrx_word' id='word_1_182' title='bbox 844 2865 881 2928; x_wconf 91' lang='lat' dir='ltr'>nt</span> <span class='ocrx_word' id='word_1_183' title='bbox 903 2879 996 2946; x_wconf 83' lang='lat' dir='ltr'>quem</span> <span class='ocrx_word' id='word_1_184' title='bbox 1018 2859 1135 2928; x_wconf 82' lang='lat' dir='ltr'>vellent</span> <span class='ocrx_word' id='word_1_185' title='bbox 1156 2859 1323 2946; x_wconf 82' lang='lat' dir='ltr'>eligerent,</span> <span class='ocrx_word' id='word_1_186' title='bbox 1347 2868 1477 2950; x_wconf 83' lang='lat' dir='ltr'>aooepta</span> 
     </span>
     <span class='ocr_line' id='line_1_27' title="bbox 306 2974 666 3064; baseline -0.006 -20"><span class='ocrx_word' id='word_1_187' title='bbox 306 2974 436 3044; x_wconf 80' lang='lat' dir='ltr'>lieentia</span> <span class='ocrx_word' id='word_1_188' title='bbox 455 2976 666 3064; x_wconf 88' lang='lat' dir='ltr'>imperatoris.</span> 
     </span>
    </p>

    <p class='ocr_par' dir='ltr' id='par_1_9' title="bbox 307 3089 1477 3758">
     <span class='ocr_line' id='line_1_28' title="bbox 395 3089 1477 3180; baseline 0.004 -20"><span class='ocrx_word' id='word_1_189' title='bbox 395 3091 527 3160; x_wconf 79' lang='lat' dir='ltr'>[nterim</span> <span class='ocrx_word' id='word_1_190' title='bbox 549 3091 625 3159; x_wconf 87' lang='lat' dir='ltr'>dnm</span> <span class='ocrx_word' id='word_1_191' title='bbox 646 3089 757 3160; x_wconf 85' lang='lat' dir='ltr'>oleotio</span> <span class='ocrx_word' id='word_1_192' title='bbox 778 3092 963 3180; x_wconf 85' lang='lat' dir='ltr'>protelatur,</span> <span class='ocrx_word' id='word_1_193' title='bbox 986 3093 1151 3179; x_wconf 76' lang='lat' dir='ltr'>religiosas</span> <span class='ocrx_word' id='word_1_194' title='bbox 1166 3093 1248 3162; x_wconf 88' lang='lat' dir='ltr'>abba</span> <span class='ocrx_word' id='word_1_195' title='bbox 1266 3093 1351 3164; x_wconf 92' lang='lat' dir='ltr'>diem</span> <span class='ocrx_word' id='word_1_196' title='bbox 1373 3093 1477 3164; x_wconf 82' lang='lat' dir='ltr'>finivit</span> 
     </span>
     <span class='ocr_line' id='line_1_29' title="bbox 308 3203 1477 3301; baseline 0.004 -26"><span class='ocrx_word' id='word_1_197' title='bbox 308 3203 512 3276; x_wconf 84' lang='lat' dir='ltr'>extremum⁸.</span> <span class='ocrx_word' id='word_1_198' title='bbox 553 3207 620 3286; x_wconf 85' lang='lat' dir='ltr'>Quo</span> <span class='ocrx_word' id='word_1_199' title='bbox 652 3209 763 3276; x_wconf 85' lang='lat' dir='ltr'>nuntio</span> <span class='ocrx_word' id='word_1_200' title='bbox 794 3230 901 3301; x_wconf 88' lang='lat' dir='ltr'>omnes</span> <span class='ocrx_word' id='word_1_201' title='bbox 929 3229 1071 3277; x_wconf 90' lang='lat' dir='ltr'>moerore</span> <span class='ocrx_word' id='word_1_202' title='bbox 1099 3211 1257 3295; x_wconf 80' lang='lat' dir='ltr'>oenomai,</span> <span class='ocrx_word' id='word_1_203' title='bbox 1285 3209 1392 3297; x_wconf 86' lang='lat' dir='ltr'>Walo,</span> <span class='ocrx_word' id='word_1_204' title='bbox 1422 3213 1477 3298; x_wconf 88' lang='lat' dir='ltr'>qni</span> 
     </span>
     <span class='ocr_line' id='line_1_30' title="bbox 307 3323 1475 3415; baseline 0.002 -23"><span class='ocrx_word' id='word_1_205' title='bbox 307 3329 384 3392; x_wconf 88' lang='lat' dir='ltr'>tuno</span> <span class='ocrx_word' id='word_1_206' title='bbox 404 3324 450 3392; x_wconf 93' lang='lat' dir='ltr'>ibi</span> <span class='ocrx_word' id='word_1_207' title='bbox 471 3323 633 3392; x_wconf 85' lang='lat' dir='ltr'>eleotionis</span> <span class='ocrx_word' id='word_1_208' title='bbox 655 3325 758 3409; x_wconf 79' lang='lat' dir='ltr'>gratia</span> <span class='ocrx_word' id='word_1_209' title='bbox 777 3327 976 3412; x_wconf 87' lang='lat' dir='ltr'>morabatur,</span> <span class='ocrx_word' id='word_1_210' title='bbox 998 3327 1101 3394; x_wconf 85' lang='lat' dir='ltr'>iussus</span> <span class='ocrx_word' id='word_1_211' title='bbox 1123 3327 1228 3412; x_wconf 84' lang='lat' dir='ltr'>pergit</span> <span class='ocrx_word' id='word_1_212' title='bbox 1249 3327 1290 3393; x_wconf 89' lang='lat' dir='ltr'>ad</span> <span class='ocrx_word' id='word_1_213' title='bbox 1311 3327 1475 3415; x_wconf 85' lang='lat' dir='ltr'>palatium,</span> 
     </span>
     <span class='ocr_line' id='line_1_31' title="bbox 307 3439 1476 3529; baseline 0.008 -23"><span class='ocrx_word' id='word_1_214' title='bbox 307 3439 382 3507; x_wconf 84' lang='lat' dir='ltr'>inde</span> <span class='ocrx_word' id='word_1_215' title='bbox 404 3441 444 3507; x_wconf 87' lang='lat' dir='ltr'>ad</span> <span class='ocrx_word' id='word_1_216' title='bbox 465 3441 630 3528; x_wconf 84' lang='lat' dir='ltr'>proprium</span> <span class='ocrx_word' id='word_1_217' title='bbox 650 3443 891 3526; x_wconf 69' lang='lat' dir='ltr'>monasterinm</span> <span class='ocrx_word' id='word_1_218' title='bbox 922 3443 1091 3529; x_wconf 85' lang='lat' dir='ltr'>statimque</span> <span class='ocrx_word' id='word_1_219' title='bbox 1118 3441 1164 3511; x_wconf 91' lang='lat' dir='ltr'>ibi</span> <span class='ocrx_word' id='word_1_220' title='bbox 1189 3442 1229 3510; x_wconf 88' lang='lat' dir='ltr'>ab</span> <span class='ocrx_word' id='word_1_221' title='bbox 1252 3444 1396 3514; x_wconf 90' lang='lat' dir='ltr'>omnibns</span> <span class='ocrx_word' id='word_1_222' title='bbox 1420 3446 1476 3514; x_wconf 87' lang='lat' dir='ltr'>eli·</span> 
     </span>
     <span class='ocr_line' id='line_1_32' title="bbox 307 3556 1476 3646; baseline 0.005 -22"><span class='ocrx_word' id='word_1_223' title='bbox 307 3556 394 3642; x_wconf 73' lang='lat' dir='ltr'>gitur</span> <span class='ocrx_word' id='word_1_224' title='bbox 414 3557 467 3623; x_wconf 63' lang='lat' dir='ltr'>in*</span> <span class='ocrx_word' id='word_1_225' title='bbox 489 3556 644 3625; x_wconf 83' lang='lat' dir='ltr'>abbatem.</span> <span class='ocrx_word' id='word_1_226' title='bbox 679 3558 725 3626; x_wconf 86' lang='lat' dir='ltr'>At</span> <span class='ocrx_word' id='word_1_227' title='bbox 746 3578 821 3626; x_wconf 85' lang='lat' dir='ltr'>vero</span> <span class='ocrx_word' id='word_1_228' title='bbox 844 3559 887 3644; x_wconf 79' lang='lat' dir='ltr'>hi,</span> <span class='ocrx_word' id='word_1_229' title='bbox 910 3559 965 3646; x_wconf 90' lang='lat' dir='ltr'>qni</span> <span class='ocrx_word' id='word_1_230' title='bbox 985 3559 1021 3626; x_wconf 91' lang='lat' dir='ltr'>in</span> <span class='ocrx_word' id='word_1_231' title='bbox 1043 3558 1181 3627; x_wconf 84' lang='lat' dir='ltr'>Saxonis</span> <span class='ocrx_word' id='word_1_232' title='bbox 1202 3558 1387 3630; x_wconf 85' lang='lat' dir='ltr'>babitabant</span> <span class='ocrx_word' id='word_1_233' title='bbox 1408 3583 1476 3630; x_wconf 93' lang='lat' dir='ltr'>mo-</span> 
     </span>
     <span class='ocr_line' id='line_1_33' title="bbox 307 3672 1476 3758; baseline 0.006 -17"><span class='ocrx_word' id='word_1_234' title='bbox 307 3672 415 3758; x_wconf 87' lang='lat' dir='ltr'>naehi,</span> <span class='ocrx_word' id='word_1_235' title='bbox 441 3672 481 3740; x_wconf 91' lang='lat' dir='ltr'>de</span> <span class='ocrx_word' id='word_1_236' title='bbox 502 3672 653 3743; x_wconf 86' lang='lat' dir='ltr'>eleotione</span> <span class='ocrx_word' id='word_1_237' title='bbox 675 3675 798 3744; x_wconf 83' lang='lat' dir='ltr'>abbatie</span> <span class='ocrx_word' id='word_1_238' title='bbox 826 3675 876 3742; x_wconf 89' lang='lat' dir='ltr'>soi</span> <span class='ocrx_word' id='word_1_239' title='bbox 898 3677 1008 3744; x_wconf 84' lang='lat' dir='ltr'>beatae</span> <span class='ocrx_word' id='word_1_240' title='bbox 1030 3677 1200 3746; x_wconf 87' lang='lat' dir='ltr'>memoriae</span> <span class='ocrx_word' id='word_1_241' title='bbox 1221 3677 1355 3746; x_wconf 88' lang='lat' dir='ltr'>meritis¹</span> <span class='ocrx_word' id='word_1_242' title='bbox 1376 3677 1476 3748; x_wconf 77' lang='lat' dir='ltr'>Adsi-</span> 
     </span>
    </p>
   </div>
   <div class='ocr_carea' id='block_1_8' title="bbox 306 3849 1476 3995">
    <p class='ocr_par' dir='ltr' id='par_1_10' title="bbox 306 3849 1476 3995">
     <span class='ocr_line' id='line_1_34' title="bbox 377 3849 1475 3917; baseline 0.005 -18"><span class='ocrx_word' id='word_1_243' title='bbox 377 3865 398 3899; x_wconf 70' lang='lat' dir='ltr'>a</span> <span class='ocrx_word' id='word_1_244' title='bbox 414 3849 491 3898; x_wconf 80' lang='lat' dir='ltr'>domni</span> <span class='ocrx_word' id='word_1_245' title='bbox 506 3869 549 3899; x_wconf 74' lang='lat' dir='ltr'>on.</span> <span class='ocrx_word' id='word_1_246' title='bbox 561 3853 582 3898; x_wconf 91' lang='lat'>1.</span> <span class='ocrx_word' id='word_1_247' title='bbox 594 3854 616 3900; x_wconf 76' lang='lat'>8.</span> <span class='ocrx_word' id='word_1_248' title='bbox 661 3853 684 3901; x_wconf 90' lang='lat' dir='ltr'>b.</span> <span class='ocrx_word' id='word_1_249' title='bbox 701 3855 889 3914; x_wconf 80' lang='lat' dir='ltr'>quemadmodum</span> <span class='ocrx_word' id='word_1_250' title='bbox 903 3857 924 3903; x_wconf 95' lang='lat'>1.</span> <span class='ocrx_word' id='word_1_251' title='bbox 936 3857 950 3902; x_wconf 79' lang='lat'>3</span> <span class='ocrx_word' id='word_1_252' title='bbox 964 3874 1007 3916; x_wconf 81' lang='lat' dir='ltr'>pro</span> <span class='ocrx_word' id='word_1_253' title='bbox 1023 3869 1091 3917; x_wconf 86' lang='lat' dir='ltr'>quem</span> <span class='ocrx_word' id='word_1_254' title='bbox 1100 3857 1180 3904; x_wconf 85' lang='lat' dir='ltr'>eidem.</span> <span class='ocrx_word' id='word_1_255' title='bbox 1228 3871 1247 3904; x_wconf 77' lang='lat' dir='ltr'>e</span> <span class='ocrx_word' id='word_1_256' title='bbox 1263 3856 1353 3904; x_wconf 78' lang='lat' dir='ltr'>nomine</span> <span class='ocrx_word' id='word_1_257' title='bbox 1364 3875 1408 3904; x_wconf 77' lang='lat' dir='ltr'>on.</span> <span class='ocrx_word' id='word_1_258' title='bbox 1420 3859 1475 3905; x_wconf 76' lang='grc'><strong>1.2.</strong></span> 
     </span>
     <span class='ocr_line' id='line_1_35' title="bbox 306 3931 1476 3995; baseline 0.005 -16"><span class='ocrx_word' id='word_1_259' title='bbox 306 3933 427 3980; x_wconf 68' lang='lat' dir='ltr'>weit.</span> <span class='ocrx_word' id='word_1_260' title='bbox 475 3931 600 3980; x_wconf 75' lang='lat' dir='ltr'>aneon.</span> <span class='ocrx_word' id='word_1_261' title='bbox 649 3933 765 3982; x_wconf 73' lang='lat' dir='ltr'>aneta</span> <span class='ocrx_word' id='word_1_262' title='bbox 811 3935 1111 3995; x_wconf 74' lang='lat' dir='ltr'>g.rtadlosinsoaa1.8.</span> <span class='ocrx_word' id='word_1_263' title='bbox 1162 3937 1308 3984; x_wconf 55' lang='lat' dir='ltr'>badae.</span> <span class='ocrx_word' id='word_1_264' title='bbox 1354 3937 1476 3986; x_wconf 74' lang='lat' dir='ltr'>inseritis</span> 
     </span>
    </p>
   </div>
   <div class='ocr_carea' id='block_1_9' title="bbox 306 4012 1474 4279">
    <p class='ocr_par' dir='ltr' id='par_1_11' title="bbox 306 4012 1474 4279">
     <span class='ocr_line' id='line_1_36' title="bbox 307 4012 519 4071; baseline -0.005 -11"><span class='ocrx_word' id='word_1_265' title='bbox 307 4031 349 4060; x_wconf 70' lang='grc' dir='ltr'>οι.</span> <span class='ocrx_word' id='word_1_266' title='bbox 367 4014 393 4071; x_wconf 85' lang='lat'>1;</span> <span class='ocrx_word' id='word_1_267' title='bbox 407 4012 483 4060; x_wconf 84' lang='lat' dir='ltr'>meriti</span> <span class='ocrx_word' id='word_1_268' title='bbox 497 4013 519 4059; x_wconf 78' lang='grc'>3.</span> 
     </span>
     <span class='ocr_line' id='line_1_37' title="bbox 378 4117 1474 4194; baseline 0.006 -21"><span class='ocrx_word' id='word_1_269' title='bbox 378 4120 402 4173; x_wconf 89' lang='grc'>1.</span> <span class='ocrx_word' id='word_1_270' title='bbox 422 4118 457 4174; x_wconf 89' lang='lat' dir='ltr'>V.</span> <span class='ocrx_word' id='word_1_271' title='bbox 469 4117 604 4174; x_wconf 84' lang='lat' dir='ltr'>Lndovioi</span> <span class='ocrx_word' id='word_1_272' title='bbox 620 4119 663 4174; x_wconf 86' lang='lat' dir='ltr'>Pii</span> <span class='ocrx_word' id='word_1_273' title='bbox 680 4118 833 4188; x_wconf 86' lang='lat' dir='ltr'>diplomata</span> <span class='ocrx_word' id='word_1_274' title='bbox 850 4121 915 4176; x_wconf 78' lang='lat' dir='ltr'>data</span> <span class='ocrx_word' id='word_1_275' title='bbox 932 4137 957 4177; x_wconf 78' lang='lat' dir='ltr'>a</span> <span class='ocrx_word' id='word_1_276' title='bbox 969 4121 1022 4177; x_wconf 83' lang='grc'>823</span> <span class='ocrx_word' id='word_1_277' title='bbox 1040 4121 1085 4178; x_wconf 86' lang='lat' dir='ltr'>die</span> <span class='ocrx_word' id='word_1_278' title='bbox 1096 4121 1131 4177; x_wconf 79' lang='grc'>27</span> <span class='ocrx_word' id='word_1_279' title='bbox 1144 4120 1208 4176; x_wconf 87' lang='lat' dir='ltr'>Iulii</span> <span class='ocrx_word' id='word_1_280' title='bbox 1220 4125 1249 4178; x_wconf 90' lang='lat' dir='ltr'>et</span> <span class='ocrx_word' id='word_1_281' title='bbox 1266 4121 1325 4177; x_wconf 78' lang='grc'><strong>(1.8</strong></span> <span class='ocrx_word' id='word_1_282' title='bbox 1342 4121 1418 4194; x_wconf 71' lang='lat' dir='ltr'><strong>Aug.</strong></span> <span class='ocrx_word' id='word_1_283' title='bbox 1431 4140 1474 4194; x_wconf 86' lang='lat' dir='ltr'>ap.</span> 
     </span>
     <span class='ocr_line' id='line_1_38' title="bbox 306 4207 1473 4279; baseline 0.006 -17"><span class='ocrx_word' id='word_1_284' title='bbox 306 4207 413 4263; x_wconf 75' lang='lat' dir='ltr'>orbam</span> <span class='ocrx_word' id='word_1_285' title='bbox 431 4207 500 4279; x_wconf 76' lang='lat' dir='ltr'>Reg.</span> <span class='ocrx_word' id='word_1_286' title='bbox 514 4208 611 4265; x_wconf 80' lang='lat' dir='ltr'>Westf.</span> <span class='ocrx_word' id='word_1_287' title='bbox 628 4209 650 4263; x_wconf 89' lang='grc' dir='ltr'>Ι.</span> <span class='ocrx_word' id='word_1_288' title='bbox 666 4208 732 4265; x_wconf 71' lang='lat' dir='ltr'>cod,</span> <span class='ocrx_word' id='word_1_289' title='bbox 745 4208 813 4279; x_wconf 85' lang='lat' dir='ltr'>dipl.</span> <span class='ocrx_word' id='word_1_290' title='bbox 830 4225 856 4279; x_wconf 89' lang='lat' dir='ltr'>p.</span> <span class='ocrx_word' id='word_1_291' title='bbox 871 4211 929 4265; x_wconf 79' lang='lat' dir='ltr'>bet</span> <span class='ocrx_word' id='word_1_292' title='bbox 941 4211 967 4266; x_wconf 87' lang='grc'>6.</span> <span class='ocrx_word' id='word_1_293' title='bbox 1038 4213 1063 4266; x_wconf 87' lang='grc'>2.</span> <span class='ocrx_word' id='word_1_294' title='bbox 1082 4209 1125 4267; x_wconf 78' lang='lat' dir='ltr'>Os.</span> <span class='ocrx_word' id='word_1_295' title='bbox 1143 4211 1286 4268; x_wconf 82' lang='lat' dir='ltr'>Dtimrnler</span> <span class='ocrx_word' id='word_1_296' title='bbox 1304 4211 1404 4268; x_wconf 84' lang='lat' dir='ltr'>Geseb.</span> <span class='ocrx_word' id='word_1_297' title='bbox 1424 4213 1473 4269; x_wconf 84' lang='lat' dir='ltr'>dea</span> 
     </span>
    </p>
   </div>
   <div class='ocr_carea' id='block_1_10' title="bbox 305 4295 1473 4445">
    <p class='ocr_par' dir='ltr' id='par_1_12' title="bbox 305 4295 1473 4445">
     <span class='ocr_line' id='line_1_39' title="bbox 305 4295 1473 4384; baseline 0.007 -31"><span class='ocrx_word' id='word_1_298' title='bbox 305 4295 448 4384; x_wconf 71' lang='lat' dir='ltr'>Ostirtnk.</span> <span class='ocrx_word' id='word_1_299' title='bbox 459 4297 560 4354; x_wconf 80' lang='lat' dir='ltr'>Reiebs</span> <span class='ocrx_word' id='word_1_300' title='bbox 577 4298 600 4354; x_wconf 92' lang='lat'>1.</span> <span class='ocrx_word' id='word_1_301' title='bbox 615 4298 676 4354; x_wconf 82' lang='grc'><strong>142.</strong></span> <span class='ocrx_word' id='word_1_302' title='bbox 692 4314 720 4353; x_wconf 89' lang='lat' dir='ltr'>n.</span> <span class='ocrx_word' id='word_1_303' title='bbox 732 4299 777 4354; x_wconf 76' lang='lat'>25.</span> <span class='ocrx_word' id='word_1_304' title='bbox 847 4299 874 4356; x_wconf 81' lang='grc'>3.</span> <span class='ocrx_word' id='word_1_305' title='bbox 892 4299 921 4354; x_wconf 91' lang='lat' dir='ltr'>in</span> <span class='ocrx_word' id='word_1_306' title='bbox 940 4300 1104 4358; x_wconf 82' lang='lat' dir='ltr'>monasterio</span> <span class='ocrx_word' id='word_1_307' title='bbox 1123 4299 1256 4359; x_wconf 78' lang='lat' dir='ltr'>corbeiae</span> <span class='ocrx_word' id='word_1_308' title='bbox 1272 4301 1404 4374; x_wconf 83' lang='lat' dir='ltr'>antiquae</span> <span class='ocrx_word' id='word_1_309' title='bbox 1421 4303 1473 4360; x_wconf 83' lang='grc'>826</span> 
     </span>
     <span class='ocr_line' id='line_1_40' title="bbox 306 4384 928 4445; baseline 0.006 -5"><span class='ocrx_word' id='word_1_310' title='bbox 306 4384 365 4441; x_wconf 83' lang='lat' dir='ltr'>Ian.</span> <span class='ocrx_word' id='word_1_311' title='bbox 376 4387 403 4443; x_wconf 92' lang='grc'>2.</span> <span class='ocrx_word' id='word_1_312' title='bbox 430 4385 473 4444; x_wconf 79' lang='lat' dir='ltr'>Os.</span> <span class='ocrx_word' id='word_1_313' title='bbox 491 4387 573 4444; x_wconf 78' lang='lat' dir='ltr'>Vitae</span> <span class='ocrx_word' id='word_1_314' title='bbox 590 4387 743 4444; x_wconf 70' lang='lat' dir='ltr'>adalhardi</span> <span class='ocrx_word' id='word_1_315' title='bbox 760 4403 786 4443; x_wconf 87' lang='lat' dir='ltr'>e.</span> <span class='ocrx_word' id='word_1_316' title='bbox 797 4387 833 4444; x_wconf 86' lang='grc'>82</span> <span class='ocrx_word' id='word_1_317' title='bbox 845 4393 874 4445; x_wconf 84' lang='lat' dir='ltr'>et</span> <span class='ocrx_word' id='word_1_318' title='bbox 884 4389 928 4444; x_wconf 80' lang='grc'>87.</span> 
     </span>
    </p>
   </div>
   <div class='ocr_carea' id='block_1_11' title="bbox 0 0 1564 4859">
    <p class='ocr_par' dir='ltr' id='par_1_13' title="bbox 0 0 1564 4859">
     <span class='ocr_line' id='line_1_41' title="bbox 0 0 1564 4859; baseline 0 0"><span class='ocrx_word' id='word_1_319' title='bbox 0 0 1564 4859; x_wconf 95' lang='lat' dir='ltr'> </span> 
     </span>
    </p>
   </div>
  </div>
 </body>
</html>
