3117 4859
327 246 390 315 176
709 264 858 313 wmmmr
878 262 1045 314 rrrsuons
1063 264 1117 311 ror.

329 430 415 503 101.
437 432 596 501 staldur
611 431 842 501 corocensem
864 436 904 501 dc
923 436 1015 501 redas
1028 436 1092 500 aab
1104 435 1196 523 pesco
1209 434 1381 525 significa&
1401 453 1488 520 cepae

440 551 485 617 ud
506 574 557 617 eos
580 550 630 617 die
653 550 697 618 14
718 574 759 616 m.
775 552 908 639 Acyta&
923 563 1157 638 perrecturam.
1353 544 1409 630 (bf.
1425 546 1487 628 84.)

207 758 213 769 .
238 704 307 761 1148
412 698 601 787 Wlibaldus)
616 701 678 769 Dei
700 702 804 787 gratia
826 700 1023 770 Gcrbciensis
1047 701 1143 769 abbas
1166 700 1289 768 dilectis
1310 699 1346 766 iu
1368 697 1488 765 Christo

324 812 397 908 filiis
421 822 452 883 et
473 817 624 885 fratribus
647 820 712 885 suis
727 818 765 885 E.
783 818 956 886 venerabili
977 819 1076 906 priori
1096 824 1128 885 et
1147 818 1278 885 caeteris
1293 814 1488 884 Gorbeiensis

325 932 493 1001 aecclesiae
514 934 588 1002 filiis
612 934 863 1003 benedictionem
886 940 917 1002 et
939 935 1039 1002 vitam
1060 934 1215 1021 usquein
1237 932 1389 1001 seculum.

412 1050 509 1119 Recio
532 1052 656 1121 consilii
679 1058 711 1121 et
724 1052 864 1119 instituti
877 1052 979 1119 nostri
992 1050 1151 1139 poscebat,
1173 1056 1210 1118 ut
1225 1049 1308 1138 apud
1325 1047 1491 1117 stabulaus

324 1188 446 1235 moram
470 1167 645 1255 longiorem
667 1169 841 1237 faceremus
863 1189 927 1235 non
950 1167 1052 1235 solum
1074 1187 1133 1255 pro
1154 1167 1352 1235 removendis
1376 1168 1492 1253 impor-

323 1286 527 1371 tunitatibus,
558 1307 638 1373 quae
668 1291 699 1353 et
727 1284 948 1353 Stabulensem
976 1284 1159 1352 aecclesiam
1187 1289 1347 1351 ettotam
1376 1289 1493 1351 terram

304 1480 306 1485 Ι
322 1398 546 1488 Lethariugiac
567 1402 752 1487 fatigabant,
775 1423 887 1469 verum
904 1402 1001 1468 etiam
1016 1402 1091 1487 quia
1105 1401 1181 1468 ordo
1197 1400 1325 1487 quidam
1341 1405 1495 1467 atrorum

322 1520 492 1587 necessitas
515 1520 714 1606 paucissimis
736 1518 935 1586 considerata
956 1516 1116 1605 postulare
1137 1516 1311 1602 videbatur,
1335 1522 1494 1602 utusque

323 1634 364 1701 ad
391 1642 486 1723 caput
512 1635 625 1703 hiemis
653 1637 761 1704 abesse
785 1656 805 1701 a
825 1634 915 1703 vobis
938 1634 1132 1702 deberemus.
1177 1632 1346 1700 Caeterum
1367 1654 1430 1700 nos
1454 1668 1493 1678 —

323 1750 378 1837 qui
405 1751 500 1819 etiam
526 1752 562 1820 in
588 1774 624 1820 re
653 1752 731 1821 bena
759 1752 889 1839 provisa
914 1758 946 1819 et
969 1751 988 1817 t
1008 1750 1100 1818 nobis
1123 1749 1325 1836 singulariter
1348 1749 1496 1815 ordinata

323 1865 494 1935 multorum
520 1890 718 1937 communem
740 1870 934 1937 sentenciam
957 1868 1045 1954 sequi
1068 1867 1284 1934 consuevimus
1307 1902 1350 1912 -
1374 1866 1494 1933 tocicm

323 1985 426 2050 vocati
454 1984 599 2071 duobis,
627 1988 693 2053 iam
719 2006 784 2052 non
805 1986 914 2053 venire
942 2005 1006 2051 non
1034 1984 1200 2069 audemus,
1228 1984 1330 2068 magis
1352 1981 1495 2049 volentes

322 2104 427 2166 vestro
449 2102 583 2187 iudicio,
606 2103 634 2169 si
656 2104 703 2170 ita
725 2122 805 2193 opus
827 2106 890 2186 est,
914 2121 1030 2186 errare,
1054 2121 1148 2187 quam
1170 2100 1204 2166 in
1226 2104 1354 2167 nostrae
1378 2099 1495 2167 delibe-

322 2216 454 2283 rationis
476 2220 656 2306 proposito,
682 2217 757 2286 licet
777 2224 900 2286 rectum
923 2221 954 2284 ct
976 2237 1168 2303 consequens
1190 2216 1345 2302 videatur,
1368 2237 1496 2303 perma-

323 2350 407 2399 nare.
498 2334 541 2401 Ut
564 2340 669 2402 autem
692 2335 772 2402 sciat
794 2340 901 2402 vestra
922 2334 1121 2417 fraternitas,
1149 2338 1274 2420 tempus
1295 2333 1391 2400 nobis
1415 2334 1496 2400 ocio-

323 2468 393 2515 sum
415 2470 479 2516 non
500 2452 680 2537 preterisse‚
703 2451 788 2518 inter
810 2452 958 2521 comitem
979 2450 1209 2517 Namucensem
1231 2455 1263 2516 et
1283 2450 1438 2516 comitam
1459 2449 1496 2516 de

321 2562 390 2632 Lon
419 2571 451 2632 et
477 2570 624 2634 comitem
647 2567 686 2634 de
709 2566 890 2652 Dasburch‚
920 2587 1053 2654 quorum
1075 2567 1232 2634 discordia
1252 2572 1353 2633 totam
1375 2572 1497 2633 terram

321 2681 493 2768 lacerabat,
522 2704 636 2770 pacem
663 2683 731 2751 Deo
761 2689 889 2751 auctore
917 2702 1016 2769 usquc
1043 2685 1078 2749 in
1105 2684 1186 2751 festo
1214 2683 1316 2749 sancti
1341 2676 1497 2769 Remigii¹

321 2798 469 2883 fecimus3
500 2806 594 2887 atque
622 2801 705 2867 inter
733 2800 883 2867 comitem
912 2800 951 2866 de
973 2800 1079 2888 Rupe,
1109 2801 1163 2887 qui
1189 2805 1297 2867 noster
1323 2798 1496 2867 advocatus

323 2920 381 3000 cst,
405 2920 436 2983 et
458 2917 605 2983 comitem
628 2917 666 2983 de
689 2916 796 2983 Monte
819 2921 920 3002 acuto,
945 2917 999 3003 qui
1013 2916 1184 2983 multorum
1198 2916 1416 2983 incitamentis
1431 2936 1496 2982 ma-

322 3032 410 3097 xima
431 3032 513 3099 inter
525 3052 570 3117 se
592 3032 676 3100 bella
698 3033 876 3118 movebant,
900 3031 1054 3099 finitivam
1077 3038 1109 3100 et
1130 3033 1190 3100 toti
1204 3039 1307 3100 terrae
1321 3030 1497 3099 salutarem

323 3147 521 3214 concordiam
543 3148 793 3215 reformavimus.
827 3149 1036 3216 Adversarios
1051 3153 1185 3234 nostros,
1210 3150 1264 3236 qui
1277 3148 1361 3216 bona
1376 3150 1495 3217 aeccle-

323 3264 388 3331 siae
410 3270 537 3331 nostrae
560 3264 766 3352 diripuerant,
791 3264 899 3331 divina
912 3266 1058 3353 potencia
1072 3264 1206 3351 subegit,
1229 3270 1265 3332 ut
1278 3266 1370 3333 nobis
1385 3272 1497 3335 nostra

322 3400 394 3447 cum
421 3381 541 3465 ingenti
563 3382 777 3450 satisfactione
800 3381 977 3449 restituant.
1023 3382 1076 3448 Ad
1098 3380 1270 3448 sedandam
1291 3403 1366 3449 vero
1390 3384 1495 3471 ipsam

323 3494 529 3583 discordiam,
559 3519 638 3585 quac
667 3504 715 3565 est
737 3499 820 3565 inter
843 3500 929 3586 ipsos
953 3504 985 3565 et
1006 3498 1228 3565 ministeriales
1250 3504 1394 3583 nostros,
1424 3521 1495 3567 cum

323 3612 378 3679 diu
399 3612 595 3701 multumque
614 3613 871 3700 laboraverimus,
894 3614 1070 3702 pauxillum
1084 3616 1237 3702 temporis
1253 3617 1493 3703 assumpsimus,

321 3729 357 3795 iu
379 3749 439 3816 quo
464 3731 578 3815 omnia,
601 3730 662 3798 Dei
685 3731 853 3799 adiuvante
875 3731 1054 3815 clemencia,
1077 3732 1118 3798 ad
1132 3732 1306 3819 perfectum
1319 3732 1494 3819 perducere

321 3845 491 3913 valcamus.
526 3844 570 3913 Et
597 3847 631 3913 in
658 3846 767 3933 vigilia
795 3848 1018 3934 assumptionis
1046 3852 1174 3914 sanctae
1201 3844 1339 3916 Mariae'
1369 3850 1413 3917 ad
1439 3870 1493 3916 vos

322 3982 395 4031 cum
417 3962 563 4031 karitatis
585 3964 700 4049 gaudio
722 3965 951 4055 perveniemus.

395 4123 420 4178 1.
437 4120 497 4180 osc
511 4123 537 4179 1.
607 4123 633 4179 2.
651 4122 783 4195 segra
