3117 4859
343 276 410 343 414
676 292 827 342 umnam
847 290 1034 343 nnsronun
1052 292 1106 341 sss.
1122 292 1175 341 aar.

8 490 9 513 2
255 442 325 498 1150
342 440 468 503 sanctae
491 435 659 505 aecclesiae
680 435 837 524 proficuas
863 436 1060 523 aliquatenus
1086 435 1291 504 retardemus.
1326 434 1412 514 Quod
1427 452 1492 502 roro

7 520 12 561 ι
256 516 319 577 ⁵⁰¹*
342 552 512 641 scripsistis
533 554 635 638 uobis,
658 554 741 640 quod
763 574 821 621 nos
843 553 903 620 soli
925 554 967 621 ad
987 553 1070 621 hanc
1081 554 1270 639 legationem
1284 550 1494 636 sufficeremus,

342 674 374 737 et
394 689 451 737 vos
477 670 546 738 loco
574 670 698 739 comitis
725 672 760 737 in
789 670 898 738 eadem
923 670 1079 755 legatione
1101 672 1307 739 constitutum
1327 670 1495 757 reputastis
1553 673 1554 762 l

339 806 404 855 non
431 787 478 855 ito
505 788 579 872 erit;
610 793 659 855 set
680 808 736 867 vos
764 788 800 855 iu
826 787 887 854 hac
912 786 1070 873 legatione
1096 789 1197 855 maior
1225 793 1256 855 et
1282 788 1407 872 dignior
1430 785 1497 853 estis

341 924 436 991 quam
459 904 508 973 vel
530 905 725 973 coloniensis
741 904 793 972 vel
814 903 1026 991 Moguutinus‚
1050 906 1125 992 quia
1145 904 1248 973 claves
1269 906 1430 990 regniaco
1449 903 1497 969 ba

341 1020 421 1089 betis
445 1027 477 1089 ot
492 1042 648 1090 summam
664 1021 787 1089 consilii
801 1024 835 1089 in
849 1042 946 1108 regno
961 1042 1018 1090 vos
1032 1042 1141 1107 regere
1155 1021 1292 1104 debetis3
1314 1021 1400 1089 unde
1413 1023 1498 1087 etiam

340 1158 398 1205 nos
420 1140 550 1208 comites
572 1144 605 1207 et
625 1138 732 1208 fideles
750 1138 885 1206 famulos
900 1141 935 1207 in
950 1137 1098 1225 obsequio
1113 1144 1219 1207 restro
1232 1136 1400 1207 habebitis.
1429 1136 1499 1217 Quis

340 1255 438 1340 igitur
451 1254 566 1323 iussio·
580 1257 665 1341 regis
684 1264 787 1342 urget,
811 1259 870 1325 etsi
891 1257 974 1325 male
996 1276 1173 1344 possumus,
1195 1262 1301 1323 tamen
1323 1255 1451 1339 ibimus,
1469 1259 1501 1319 ut

340 1370 494 1440 voluntati
517 1375 583 1441 eius
606 1374 852 1458 scbsfooiamus3
876 1379 908 1442 et
921 1394 1090 1462 personam
1103 1378 1245 1441 nostram
1259 1372 1301 1439 ad
1314 1371 1501 1439 voluntatem

339 1490 439 1576 ipsius
460 1490 620 1558 laboribus
642 1512 679 1559 ec
700 1491 850 1579 periculis
868 1492 1064 1579 exponimus.
1137 1489 1290 1570 Quoniam
1305 1510 1382 1556 vero
1396 1507 1500 1577 pueros

338 1613 473 1693 nostros,
497 1628 574 1695 quos
596 1608 630 1675 in
651 1608 711 1675 hoc
732 1609 847 1677 itinere
868 1608 1063 1693 habebimus,
1087 1608 1189 1675 adhuc
1209 1607 1248 1674 de
1264 1606 1408 1674 Saxonis
1420 1625 1500 1672 voca·

338 1722 457 1809 bimus,
484 1744 646 1811 rogamus,
673 1731 710 1793 ut
732 1726 816 1794 diem
838 1732 959 1794 certum
979 1725 1071 1793 uobis
1094 1725 1280 1810 designetis,
1304 1742 1368 1810 quo
1392 1722 1435 1788 ad
1453 1740 1500 1786 uos

339 1861 438 1927 usque
452 1840 608 1930 Riuthorp
622 1843 796 1929 veniamus,
819 1845 865 1911 ita
881 1844 985 1931 parati
1000 1848 1032 1911 et
1046 1842 1197 1930 expediti,
1218 1846 1255 1909 ut
1267 1859 1333 1906 una
1347 1839 1501 1907 vobiscum

340 1958 380 2024 ad
403 1958 553 2025 domnum
566 1980 673 2045 regern
687 1959 935 2048 progrediamur.
966 1960 1067 2039 Quam
1080 1959 1228 2027 videlicet
1242 1958 1327 2026 diem
1341 1957 1501 2041 designau-

340 2074 414 2142 dam
435 2076 602 2161 neminem,
625 2078 687 2144 nisi
710 2076 870 2145 scedulam
891 2068 1039 2162 vestrum,
1063 2078 1144 2144 scire
1163 2074 1318 2143 volumus.
1366 2073 1450 2141 Nam
1468 2071 1501 2136 dc

340 2192 517 2278 quindecim
548 2192 657 2260 diebus
685 2200 758 2281 post
784 2194 901 2261 festum
926 2193 1077 2278 Remigii,
1112 2192 1225 2279 quibus
1254 2211 1312 2258 nos
1342 2195 1502 2278 expectem

338 2309 467 2395 rogatis,
491 2314 616 2395 gratum
630 2310 815 2396 habemus&
839 2311 952 2397 quibus
968 2310 1009 2376 ad
1021 2309 1216 2376 voluntatem
1229 2301 1373 2375 vestram
1389 2304 1502 2375 etiami

337 2425 432 2514 paulo
454 2425 526 2514 plus
549 2428 800 2515 expectaveritis,
822 2447 881 2494 nos
894 2427 1029 2495 libenter
1049 2426 1299 2520 expectabimus3
1322 2426 1375 2491 ita
1395 2431 1501 2504 mmet,

258 2541 261 2548 ’
338 2548 375 2609 nt
401 2544 461 2610 hoc
488 2546 639 2631 caveatis,
667 2566 707 2612 ne
737 2550 863 2632 tempus
891 2544 986 2611 eundi
1013 2543 1174 2630 usquein
1201 2562 1348 2629 asperam
1375 2540 1501 2608 hiemem

338 2660 570 2748 protrahamus.
653 2661 800 2729 Ceterum
827 2680 911 2728 nunc
932 2665 1056 2728 vestrae
1084 2679 1198 2746 operae
1224 2658 1437 2743 incumbebit,
1462 2660 1502 2739 ut,

339 2779 603 2863 quemadmodum
624 2799 683 2866 per
704 2779 855 2845 nuncium
877 2783 1021 2845 nostrum
1048 2796 1106 2843 uos
1132 2775 1200 2842 ium
1226 2776 1379 2861 fecimus,
1407 2776 1504 2841 itaet

339 2914 395 2962 vos
417 2916 476 2983 per
497 2897 648 2963 nuncium
668 2901 810 2963 uestrum
832 2901 897 2962 tam
920 2915 978 2962 nos
1001 2914 1095 2981 quem
1117 2914 1185 2979 vos,
1208 2893 1292 2980 quod
1312 2891 1441 2979 prefixa
1459 2890 1503 2956 dic

340 3012 381 3079 ad
403 3013 524 3079 curiam
547 3032 609 3079 nou
631 3013 809 3099 veniemus,
837 3013 923 3100 apud
949 3010 1112 3079 dominum
1138 3016 1283 3077 nostrum
1307 3028 1420 3095 regern
1440 3005 1502 3073 dili-

340 3142 450 3214 genter
472 3148 622 3198 excusare
642 3131 767 3198 curetis.

342 3376 430 3449 287.
450 3380 616 3447 Heiosaocs
644 3383 804 3469 episcopus
831 3380 1003 3446 Minderrsa’s
1031 3378 1207 3445 Ws'boldcm
1233 3387 1339 3464 rogat,
1373 3372 1502 3441 bortatur

451 3496 669 3565 Eoerbardnm
687 3496 901 3587 presbyteram
915 3494 1195 3584 Hermogenem,
1218 3504 1253 3559 nt
1275 3494 1414 3559 oblatam
1428 3514 1500 3557 com·

446 3618 659 3703 procationem
683 3615 817 3701 accipiat
825 3607 841 3677 ¹.
916 3628 920 3640 “
1345 3606 1403 3691 (M
1420 3604 1499 3685 268.)

428 3747 564 3816 Domino
599 3753 725 3815 sanctae
759 3746 956 3814 Corbeiensis
994 3744 1164 3813 aecclesiae
1196 3742 1370 3811 reverendo
1404 3738 1499 3809 abbati

219 3853 286 3947 ,⁰⁸
297 3862 322 3870 “
340 3862 510 3949 Wtibaldo)
526 3864 717 3949 Hicinricus)
733 3884 791 3951 per
806 3863 1053 3930 misericordiam
1068 3862 1129 3929 Dei
1143 3860 1317 3928 Miudensis
1341 3858 1499 3927 aecclesiae

341 3982 506 4070 episcopus
535 3982 676 4049 assiduas
705 3981 738 4047 in
761 3979 886 4047 Christo
914 3980 1071 4047 orationes
1101 3982 1134 4047 et
1160 3976 1262 4046 fidelis
1291 3975 1432 4063 obsequii
1451 3972 1497 4038 dc·

341 4098 508 4166 notionem.

413 4251 463 4297 ai
491 4252 538 4299 seio
554 4269 573 4298 c.
634 4248 757 4298 chunos
772 4268 793 4297 c.

413 4338 438 4391 1.
462 4336 540 4393 Hauc
558 4336 702 4407 epistolam
720 4350 807 4406 prope
825 4333 989 4393 stabulense
1006 4334 1203 4393 monasterium
1220 4332 1266 4392 die
1284 4333 1320 4391 15
1337 4321 1494 4405 Septembris
1553 4355 1554 4400 p

342 4423 396 4483 sibi
413 4426 523 4483 allamm
541 4442 610 4501 esse,
627 4427 710 4484 docet
728 4425 874 4484 wibaldus
890 4426 920 4482 in
937 4442 982 4497 ep.
993 4427 1048 4483 ³03
1064 4425 1136 4483 luins
1153 4442 1182 4497 p.
1192 4426 1256 4482 432.
