3117 4859
515 290 729 339 mansuro
752 290 779 340 s.
794 290 867 339 vmr
1232 273 1272 340 11

102 430 205 498 tribus
234 448 306 497 cum
335 432 396 517 eis,
427 436 459 499 et
484 432 671 499 invenerunt
697 432 803 499 locum
829 434 904 499 hnic
924 433 1049 516 negotio
1077 433 1275 521 aptissimum
1293 436 1345 493 etl

103 552 163 633 et',
180 548 255 634 quia
269 552 338 615 erat
354 550 490 636 optimus
496 549 519 635 l,
535 550 720 617 habitationi
732 550 955 617 monachorum
966 563 1163 634 congruum&
1188 550 1276 618 Tunc

101 664 245 731 inierunt
267 664 433 733 consilium
454 686 525 733 cnm
541 666 696 754 episcopis
711 672 744 733 et
758 666 924 733 comitibus
939 671 1056 733 etcum
1069 666 1275 735 nobilissimis

101 781 183 847 viris
206 781 346 849 eiusdem
369 783 486 867 gentis,
515 787 552 850 ut
572 784 727 850 instanter
750 782 895 851 eumdem
916 782 1022 850 locum
1043 781 1221 851 excolerent
1243 788 1276 852 at

103 898 332 965 monasterium
354 898 471 965 ibidem
494 899 690 967 collocarent.

192 1012 355 1082 Venerunt
378 1034 452 1099 ergo
475 1036 557 1082 anuo
580 1016 839 1101 octingentesimo
860 1016 1009 1083 vicesimo
1025 1015 1160 1083 secundo
1175 1014 1275 1083 domi-
1292 1026 1346 1081 888

103 1130 194 1197 nicae
215 1131 451 1217 incarnationis,
475 1132 534 1199 sub
556 1132 607 1199 die
623 1136 732 1199 octavo
747 1132 822 1199 Idus
836 1133 983 1218 Augusti,
1005 1136 1156 1217 regnante
1170 1130 1276 1199 Ludo·
1291 1100 1376 1159 ΑΜ

103 1248 184 1315 vico
206 1248 408 1315 serenissimo
425 1254 557 1332 augusto
571 1245 754 1316 undecimo¹
769 1269 861 1333 anno,
884 1250 925 1316 ad
938 1249 1042 1316 locum
1057 1255 1274 1333 memoratum,

105 1364 395 1451 circumspectoque
418 1384 457 1431 ex
480 1366 565 1431 omni
588 1371 678 1453 parte
701 1371 733 1432 et
753 1365 892 1452 undique
906 1368 1101 1451 circuientes,
1124 1366 1276 1454 prostrati

103 1480 139 1547 iu
161 1480 347 1565 orationem,
371 1481 616 1548 decantaverunt
636 1482 776 1569 psalmos
792 1482 906 1549 adhoc
920 1481 1057 1549 officium
1070 1483 1274 1570 pertinentes.

103 1596 147 1663 Et
173 1602 344 1685 postquam
373 1598 609 1685 compleverunt
637 1598 788 1666 letaniam
809 1604 842 1665 et
863 1600 1052 1683 orationem,
1078 1600 1277 1666 iactaverunt

103 1712 222 1783 bucam
245 1719 277 1780 et
298 1712 469 1781 infixerunt
490 1714 626 1801 paxillos
649 1720 682 1782 et
703 1721 874 1803 cooperunt
887 1735 1080 1800 mensurare,
1101 1716 1191 1803 prius
1206 1714 1275 1801 qui-

104 1830 177 1896 dem
200 1830 365 1917 templum,
387 1831 462 1898 inde
476 1831 685 1899 habitationes
699 1832 844 1899 usuum.
879 1831 969 1911 Quod
983 1852 1055 1900 oum
1068 1832 1274 1919 peregissent

103 1946 342 2032 constituentes,
367 1947 421 2032 qui
444 1949 597 2034 quaedam
614 1948 795 2015 habitacula
807 1949 980 2034 initiarent,
1003 1949 1044 2016 ad
1057 1950 1188 2037 propria
1201 1954 1276 2015 sunt

103 2063 234 2129 reversi.
326 2064 388 2131 Sed
419 2064 557 2152 primum
584 2064 744 2151 petierunt
771 2060 981 2153 episcopum¹,
1013 2071 1050 2132 ut
1076 2066 1198 2133 veniret
1224 2065 1277 2132 eti

103 2178 316 2247 sanctificaret
347 2180 450 2247 locum
479 2180 691 2267 vexillumque
725 2188 853 2249 sanotae
880 2182 982 2249 crucis
1008 2181 1043 2247 in
1070 2180 1138 2247 loco
1166 2181 1276 2249 altaris

102 2301 238 2384 poneret
259 2302 444 2382 nomenque,
466 2302 503 2364 ut
525 2297 657 2365 Corbeia
678 2303 853 2384 vocaretur,
877 2303 1009 2386 aptaret.
1044 2298 1133 2378 Quod
1154 2298 1273 2365 iactum

103 2432 173 2481 esse
197 2418 308 2479 octavo
330 2412 486 2481 Kalendas
510 2413 703 2501 Septembris
727 2420 859 2482 constat.
893 2415 937 2482 Et
959 2414 1068 2481 eadem
1090 2415 1143 2481 die
1164 2434 1275 2502 coope-
1291 2438 1389 2497 sugas

101 2534 180 2597 runt
202 2530 257 2615 qui
280 2530 412 2597 aderam
434 2528 575 2597 aedificia
597 2532 726 2615 erigere.
794 2531 896 2598 Erant
916 2537 1024 2597 tamen
1039 2532 1276 2618 poncinumero

102 2666 203 2732 usque
233 2646 274 2712 ad
302 2646 386 2713 diem
408 2652 530 2714 sextam
552 2646 709 2714 Kalendas
733 2647 886 2715 Octobris.
955 2647 1096 2735 Septimo
1118 2646 1276 2715 Kalendas
1292 2632 1397 2756 {233}

102 2781 241 2849 namque
264 2762 404 2830 eiusdem
426 2764 543 2831 mensis
566 2769 772 2831 surrexerunt
794 2784 814 2829 a
834 2764 918 2848 loco,
947 2783 1008 2849 quo
1029 2784 1130 2849 usque
1153 2784 1276 2850 quaque

102 2879 335 2963 habitaverant,
359 2898 431 2947 cum
453 2881 539 2946 omni
561 2880 778 2968 suppellectile
793 2901 860 2965 sua,
884 2900 975 2948 senes
989 2885 1022 2947 et
1034 2880 1140 2967 pueri3
1165 2885 1197 2946 et
1212 2879 1276 2946 alia
1292 2898 1397 2959 amas

103 2996 154 3063 die
182 2999 339 3062 venerunt
367 2996 407 3062 ad
434 2994 538 3063 locum
565 2996 757 3064 destinatum
785 3004 817 3065 et
844 2996 1082 3065 celebraverunt
1106 2998 1275 3063 missarum

103 3112 285 3196 sollemnia,
315 3132 387 3179 oum
416 3112 502 3178 omni
524 3114 699 3199 gratimum
721 3112 844 3181 acdona
863 3111 1027 3181 laudantes
1049 3114 1221 3181 Dominum
1243 3116 1275 3181 et

103 3229 325 3297 benedicentes
348 3228 494 3296 Domino.
518 3310 522 3319 .

194 3344 346 3431 Sequenti
370 3351 476 3411 autem
498 3364 579 3411 anno
602 3346 690 3413 venit
710 3344 826 3413 iterum
849 3345 1038 3413 venerabilis
1061 3346 1142 3413 abba
1158 3352 1190 3413 et
1203 3346 1276 3434 plu·
1293 3360 1346 3417 823

103 3484 153 3530 res
180 3484 221 3530 ex
243 3460 395 3529 iratribus
418 3480 489 3529 cum
513 3482 564 3545 θος
594 3467 626 3528 at
648 3481 822 3529 convocans
844 3483 969 3529 omnem
992 3464 1274 3548 congregationem,

103 3580 258 3647 instruxit
280 3598 333 3645 eos
355 3578 394 3646 de
417 3578 571 3662 omnibus,
596 3598 676 3665 quaa
699 3579 740 3646 ad
754 3578 875 3645 cultum
888 3579 1029 3645 divinum
1045 3584 1078 3645 et
1090 3578 1275 3664 religionem

105 3702 247 3763 sanctam
269 3695 480 3783 pertinebant,
504 3694 658 3779 quomodo
681 3700 713 3762 et
735 3694 880 3781 qualiter,
904 3698 958 3783 qni
978 3697 1059 3763 scire
1073 3696 1216 3780 voluerit,
1239 3696 1273 3762 in

1 3856 2 3859 =
104 3800 225 3899 libello,
255 3812 309 3899 qui
335 3812 375 3879 de
397 3812 463 3879 vita
489 3811 556 3880 eius
578 3812 729 3878 dictatus·
752 3806 826 3897 est',
849 3813 974 3899 plenius
996 3814 1137 3881 invenire
1158 3817 1272 3901 potest

105 3929 184 3997 Gum
218 3935 325 3997 autem
359 3929 612 4017 appropinquare
640 3934 783 3996 comeret
809 3929 893 3996 diem
920 3930 1032 3996 mortis
1060 3950 1152 4013 suae,
1186 3929 1275 3995 misit

172 4133 503 4183 annia-stmulo.
574 4134 797 4185 b.etadd.1.t.
863 4134 1099 4193 communale.
1165 4132 1272 4181 dutt.

106 4214 385 4272 adimzdictust.

173 4321 198 4374 1.
213 4318 394 4375 immouono.
446 4318 473 4373 2.
488 4316 663 4374 Baduradum
676 4334 718 4389 ep.
731 4318 994 4376 Paderborneusem.
1046 4316 1073 4373 3.
1084 4316 1120 4374 V.
1132 4316 1272 4395 Pasobmii

106 4406 236 4465 liudberti
253 4407 312 4464 Vit.
330 4406 481 4463 Adalbardi
499 4422 524 4462 c.
536 4407 579 4463 68
