3117 4859
447 266 596 319 wmsnnr
617 268 783 319 nrrsronn
803 266 842 317 ss
1167 248 1230 317 rot

79 409 132 486 83.
153 412 314 503 Eoum
327 412 383 481 lli
389 437 482 502 popa
497 414 665 481 Adnlderto
681 413 911 501 archiepiscopo
925 410 1089 477 Rem
1101 421 1132 476 et
1144 408 1231 477 Hess-

153 532 217 597 rico
239 532 397 597 Medeon·
424 554 461 596 oe
485 530 660 597 Tdietmoro
683 531 830 596 Verdemi
855 530 1006 616 episeopo
1025 528 1169 609 manda,
1196 536 1232 592 ct

154 648 304 714 alimales
318 648 457 715 cosmed
466 646 698 715 Kaminotm
705 647 914 734 possessiones
923 654 1072 733 repetant.
1097 639 1151 722 (Μ.
1162 640 1228 723 66.)

151 780 312 865 Eugenius
326 780 493 867 episcopus
508 800 617 847 servus
631 798 794 847 servorum
804 777 866 845 Dei
879 774 1109 844 venerabilibus
1122 775 1231 842 fratri·

74 895 506 981 busA(dslbert0)Bremeusi
518 891 1230 983 archiepiscopo,Heinricoledomi'l'fflet·

73 1013 164 1095 maro)
177 1012 330 1080 Ferdensi
352 1014 518 1100 episcopis,
542 1012 675 1079 culmem
696 1017 728 1079 et
747 1008 952 1099 apostolicam
971 1008 1228 1077 benedictionem.

103 1154 104 1162 ¹
150 1127 368 1196 Possessiones
389 1129 610 1197 aecclesiarum
624 1126 816 1216 patrimonia
829 1146 1014 1215 pauperum,
1036 1126 1144 1214 precia
1156 1144 1231 1213 pec·

72 1252 204 1314 catorum
226 1266 307 1313 -esse
334 1250 521 1329 uoscuntnr;
555 1246 687 1332 ideoque
717 1244 745 1312 si
773 1245 844 1331 quis
871 1243 1027 1331 presumit
1054 1263 1093 1310 ea
1121 1246 1231 1309 contra

70 1364 220 1430 iusticiam
243 1363 393 1447 detinere,
416 1360 616 1447 sacrilegium
637 1360 777 1449 profecto
796 1361 978 1427 ‘committit
1012 1356 1230 1445 Significatum

69 1480 152 1546 nobis
169 1484 228 1564 est,
252 1479 336 1566 qnod
349 1478 552 1567 parrochiani
566 1478 623 1563 tui,
646 1478 745 1545 naor
759 1476 1003 1564 archiepiscope,
1027 1476 1135 1560 Odioo,
1157 1473 1231 1541 Ric-

9 1630 10 1633 ¹
69 1596 179 1681 bertus,
203 1595 375 1681 Thederus,
397 1594 562 1678 &merus
585 1594 804 1661 Hotomanuus
826 1597 859 1661 et
880 1591 1009 1679 quidam
1031 1592 1087 1659 alii
1105 1612 1231 1680 posses·

69 1712 164 1780 siones
188 1712 424 1780 Kamiuatensis
452 1711 621 1779 aecclesiae
649 1711 688 1778 de
710 1730 806 1777 manu
828 1708 933 1776 Iudith
955 1709 1113 1796 quondam
1134 1707 1231 1775 abba·

68 1829 173 1913 lissse,
201 1835 371 1917 postquam
398 1828 542 1916 deposita
568 1826 644 1912 fuit,
673 1826 814 1914 recipere
841 1830 1101 1915 presumpserunt
1121 1831 1156 1893 et
1177 1844 1230 1892 aas

1253 778 1322 835 1148

1246 854 1300 914 Apr.
1312 852 1327 900 ὅ

69 1944 162 2013 cidem
184 1946 377 2013 monasterio
391 1944 533 2028 reddere,
556 1962 631 2011 suae
646 1943 757 2010 salutis
771 1945 982 2029 immemores,
1004 1942 1228 2011 contradicant
1366 1998 1373 2011 ,

68 2060 235 2147 Hugoldus,
252 2060 442 2146 waltardus,
465 2058 646 2128 Gerhardus
669 2066 701 2127 et
723 2060 852 2147 quidam
874 2060 930 2127 alii
949 2059 1151 2147 parrochiani
1171 2058 1231 2143 tui,

67 2176 355 2263 marlanensis,
377 2176 529 2246 beneficia
550 2177 715 2264 quasdam,
737 2182 774 2244 nt
794 2177 887 2245 uobis
908 2181 1091 2262 suggestum
1110 2178 1168 2259 est,
1190 2174 1232 2241 de

68 2312 156 2361 mauu
178 2295 322 2364 eiusdem
344 2295 538 2380 abbatissae,
561 2294 783 2362 nichilominus
805 2300 973 2382 postquam
995 2292 1139 2381 deposita
1158 2292 1230 2374 tuit,

66 2418 257 2499 receperunt
332 2411 414 2491 Quia
430 2412 527 2497 igitur
542 2412 665 2499 prefata
679 2410 821 2496 llndith),
843 2415 1011 2498 postquam
1024 2430 1084 2497 per
1105 2412 1230 2475 senten·

66 2526 138 2595 tiam
159 2526 352 2596 venerabilis
380 2528 488 2595 fratris
517 2528 619 2596 nostm'
640 2528 741 2596 bonae
762 2528 933 2595 memoriae
956 2525 1119 2609 T(homae)
1142 2544 1230 2611 pres-

67 2640 152 2711 biteri
174 2644 357 2729 cardinalis,
380 2650 456 2712 tunc
479 2645 670 2733 apostolicae
692 2645 775 2712 sedis
790 2644 897 2730 legati,
920 2643 1107 2728 lregimine
1121 2640 1229 2707 Kami-

66 2761 199 2829 nateusis
224 2761 394 2829 aecclesiae
416 2760 561 2849 deposita
581 2762 652 2847 nuit,
678 2760 800 2828 nullam
822 2758 981 2827 alienandi
1001 2758 1053 2827 vel
1074 2758 1230 2845 impigno-

66 2878 150 2945 randi
177 2878 264 2945 bonu
292 2878 392 2965 ipsius
421 2877 589 2946 aecclesiae
615 2878 726 2946 habuit
746 2882 951 2967 potestatem,
980 2896 1039 2965 per
1066 2874 1230 2961 presencia

66 2994 146 3062 robis
175 2996 299 3083 scripta
320 2995 523 3081 mandamus,
553 2996 700 3081 quatinus
723 3016 776 3063 eos
799 2995 972 3063 districtius
994 2992 1165 3076 moneatis,
1194 2994 1231 3057 ut

65 3108 140 3179 bona
153 3112 319 3200 predictae
334 3110 513 3195 aecclesiae,
529 3131 609 3197 quae
624 3116 733 3179 contra
748 3112 926 3179 animarum
941 3109 1075 3177 salutem
1089 3108 1230 3177 detinere

64 3232 258 3314 presumunt,
282 3228 312 3295 ci
334 3246 406 3295 cum
427 3228 609 3311 integritate
625 3230 796 3296 restituant
810 3234 842 3296 et
857 3228 896 3297 ab
910 3228 1011 3314 ipsius
1025 3226 1230 3294 infestacione

65 3342 225 3413 desierim.
277 3343 366 3423 Quod
394 3347 422 3412 si
447 3346 531 3413 infra
560 3344 769 3432 quadraginta
796 3344 864 3412 dies
899 3348 1068 3431 postquam
1093 3363 1114 3409 a
1140 3342 1229 3410 vobis

64 3461 245 3529 commoniti
265 3460 384 3529 fuerint
404 3461 509 3529 facere
531 3462 792 3550 contempserint,
816 3462 999 3528 canonicam
1020 3459 1060 3527 do
1080 3460 1160 3549 ipsis
1180 3460 1229 3527 iu·

64 3578 181 3645 eliciam
204 3576 340 3645 faciatis.
430 3578 675 3662 Nichilominus,
697 3579 798 3645 frater
818 3576 1008 3662 Mindeusis,
1031 3578 1230 3664 presencium

62 3692 115 3761 tibi
138 3695 329 3762 auctoritate
342 3694 540 3782 mandamus,
563 3696 710 3782 quatinus
721 3692 916 3778 Wulderum,
939 3694 993 3781 qui
1008 3694 1148 3761 eiusdem
1161 3713 1230 3760 mo-

63 3812 188 3879 nasterii
217 3811 345 3898 predia,
380 3811 533 3879 clericalis
563 3810 657 3878 officii
683 3810 938 3878 consideracione
965 3810 1157 3898 postposita,
1189 3808 1230 3876 ab

63 3926 183 4012 eidem,
221 3946 302 4013 quae
330 3933 518 4015 potestatem
546 3928 643 3996 dandi
671 3948 736 3994 non
762 3927 888 4011 habuit,
919 3927 1035 3994 dicitur
1062 3925 1229 4013 recepisse,

65 4040 202 4112 districte
226 4062 436 4129 commoneas,
459 4048 495 4112 nt
517 4044 599 4111 male
622 4044 945 4131 aequisitareetituat
967 4050 999 4111 et
1013 4043 1144 4110 eandem
1160 4061 1229 4109 aeo-

64 4156 187 4227 clesiam
205 4160 240 4227 in
255 4179 334 4247 pace
348 4160 510 4248 possidere
524 4160 697 4249 permittat.
731 4160 823 4240 Quod
837 4161 865 4227 si
878 4161 981 4227 facere
995 4160 1229 4246 contempserit,

63 4278 210 4348 canonica
232 4298 305 4347 eum
328 4296 460 4347 censura
482 4296 635 4346 coerceas.
673 4277 758 4345 Data
779 4276 886 4346 Remis
908 4276 1008 4344 Nonis
1030 4274 1161 4364 Aprilis.
