3117 4859
321 222 387 289 216
698 236 848 287 vrsarmr
868 234 1035 285 mrsrons
1056 235 1110 283 see

232 384 303 443 1148
321 381 478 449 mandatis
501 385 534 448 et
556 378 698 467 epistolis
719 380 851 464 vestris,
877 383 1021 446 nostram
1049 379 1241 466 parvitatem
1268 378 1415 446 adierunt
1436 398 1485 445 ro·

246 459 440 585 ⁰⁶*'gantes,
455 502 492 565 nt
507 496 650 564 eleotioni
666 516 786 580 eornm,
807 515 903 581 quam
923 496 963 561 12
978 494 1049 562 Kal
1065 494 1251 563 Novembris
1265 496 1370 563 imore
1383 496 1486 583 dispo·

319 616 447 699 nebant„
469 609 720 683 interessemus¹.
754 611 820 679 Nos
834 632 910 679 vero
927 612 1170 697 considerantes,
1188 613 1488 680 inmutatomfnisse

320 736 438 799 statum
460 750 573 797 oausae
601 736 633 796 et
660 728 784 796 nullum
811 729 850 796 de
871 748 954 795 novo
977 733 1143 795 avestrae
1164 729 1342 797 sanctitatis
1365 729 1488 797 ealdu-

320 834 393 915 dlne
414 846 506 915 nobis
521 866 673 913 maneam
695 846 876 933 imperium,
898 844 1007 913 venire
1025 845 1152 932 quidem
1167 846 1393 931 dubitavimus,
1415 866 1490 932 quo-

319 965 406 1032 niam
420 965 567 1050 frequens
581 982 690 1029 rumor
704 962 897 1047 insonuerat,
921 967 1089 1029 venturum
1102 962 1170 1029 fore
1183 962 1324 1047 legatum
1338 967 1489 1047 vestrum,

320 1082 375 1168 qui
389 1079 546 1147 Fuldense
563 1079 791 1145 monasterium
810 1099 869 1166 per
883 1078 1103 1165 semetipsum
1117 1079 1294 1163 ordinmet3
1317 1079 1492 1148 direximus

318 1204 426 1265 tumen
449 1196 495 1263 eis
517 1216 576 1283 per
597 1194 675 1262 duos
697 1194 813 1262 babes
834 1195 957 1262 litteras
984 1200 1126 1280 nostras,
1154 1215 1289 1283 quarum
1310 1197 1492 1284 exemplum

319 1318 443 1382 vestrae
465 1332 616 1379 sensurae
639 1331 712 1378 oum
733 1312 933 1399 presentibus
955 1312 1082 1379 mittere
1103 1313 1292 1379 ouradmus.
1374 1312 1494 1380 Verum

318 1450 418 1517 parvo
440 1434 582 1516 tempore
602 1428 777 1514 interiecto,
800 1430 888 1497 venit
903 1428 943 1496 ad
956 1448 1015 1495 nos
1030 1429 1223 1496 oamerarius
1236 1428 1408 1497 Fuldensis

320 1546 419 1614 altero
443 1545 579 1632 quodam
600 1545 699 1612 fratre
722 1550 755 1613 et
776 1566 849 1612 oum
870 1545 986 1612 litteris
1014 1549 1185 1612 conventus
1207 1546 1257 1612 sui
1279 1551 1348 1613 tam
1373 1547 1417 1613 ad
1438 1567 1493 1614 nos

320 1682 416 1751 quam
438 1662 479 1729 ad
500 1666 645 1727 nostrum
666 1657 885 1747 oonventnm’,
909 1662 1057 1748 quatinus
1074 1661 1114 1728 ob
1128 1662 1338 1730 reverentiam
1355 1664 1494 1731 nominis

320 1779 417 1846 vestri
434 1776 570 1846 Fuldam
593 1777 710 1863 absque
732 1777 893 1845 dilationis
914 1777 1141 1864 impedimento
1163 1779 1354 1863 veniremus,
1378 1780 1494 1847 futuris

320 1894 365 1962 ibi
397 1894 499 1961 tribue
529 1894 757 1981 prenominatis
792 1894 957 1962 abbatibus
991 1899 1024 1962 et
1057 1893 1209 1962 eleotiono
1237 1895 1279 1961 ad
1304 1896 1495 1963 mandatnm

319 2016 460 2079 vestrum
481 2009 678 2095 celebranda,
702 2011 730 2078 si
752 2031 810 2098 per
832 2010 1008 2079 absentiam
1028 2015 1172 2078 nostram
1192 2032 1257 2079 non
1272 2011 1494 2100 impediretur.

320 2126 509 2212 allegabant
534 2132 681 2213 preterea
703 2127 860 2195 delutum
881 2129 1065 2196 monasmii
1086 2129 1136 2195 sui
1157 2129 1193 2195 in
1213 2129 1308 2197 rebus
1328 2130 1421 2198 vitae
1442 2150 1497 2198 ne·

320 2244 476 2328 bosseriis,
499 2244 648 2330 quoniam
671 2243 798 2330 quidem
821 2246 928 2311 omnia
944 2245 1145 2334 diripiebant,
1168 2246 1224 2332 qui
1236 2247 1496 2333 pretergrediun·

320 2367 373 2427 tur
394 2360 489 2427 vinna
525 2358 589 2428 Diu
611 2360 810 2446 multumque
832 2360 1010 2429 dubitantes
1030 2363 1212 2448 timuimus,
1233 2383 1276 2430 ne
1296 2361 1349 2430 vel
1372 2363 1496 2449 agendo

320 2476 371 2544 vel
398 2476 549 2544 cessando
576 2482 716 2543 vestram
742 2478 968 2564 paternitatem
996 2477 1233 2547 offenderemus.
1268 2478 1326 2547 Set
1351 2480 1495 2566 tandem,

322 2594 360 2661 de
393 2592 523 2660 oonsilio
554 2592 774 2678 religiosorum
806 2612 884 2679 quos
910 2601 1060 2662 venturos
1088 2596 1287 2663 audieramus
1315 2592 1495 2684 sperantes,

222 2724 305 2772 seva
321 2709 456 2777 Fuldam
477 2728 549 2777 oum
564 2709 813 2777 Heresveldense
834 2709 947 2779 abbate
960 2711 1061 2779 Nonis
1074 2712 1262 2780 Novembris
1277 2714 1494 2799 pervenimus

324 2824 380 2894 Set
401 2846 472 2892 oum
493 2825 701 2894 Eberaoensis
725 2830 757 2895 et
778 2826 1006 2895 Everbaoensis
1028 2828 1157 2897 abbates
1184 2850 1248 2896 non
1269 2830 1437 2897 venissent
1453 2866 1495 2878 -·

323 2941 413 3025 alter,
440 2942 514 3027 quia
535 2944 719 3011 mandatum
740 2949 883 3011 vestrum
905 2964 1000 3031 super
1021 2945 1091 3030 boo,
1112 2950 1151 3013 ut
1170 2945 1241 3032 ipse
1261 2966 1320 3033 per
1340 2949 1496 3015 nundum

322 3058 495 3143 fatebatur,
517 3077 582 3125 non
605 3064 784 3147 aooeperat,
806 3059 1013 3128 Eberaeensis
1035 3082 1120 3148 vero,
1143 3062 1219 3149 quia
1240 3082 1309 3130 sese
1332 3064 1419 3150 apud
1441 3084 1496 3133 ve

323 3179 422 3240 stram
450 3173 665 3261 elementiam,
693 3182 730 3243 ut
755 3177 956 3263 postmodum
983 3198 1041 3265 per
1066 3178 1233 3265 epistolam
1255 3180 1323 3246 eius
1345 3180 1500 3265 eognovi-

322 3310 407 3375 mus,
437 3290 476 3358 do
502 3310 567 3357 non
594 3292 747 3359 veniendo
776 3298 982 3361 exousaverat
1000 3330 1044 3341 —
1063 3295 1185 3363 turbati
1211 3296 1305 3363 eorde
1327 3300 1361 3363 et
1382 3298 1495 3385 inopes

323 3405 446 3473 eonsilii
467 3406 598 3494 fuimus,
627 3408 799 3496 plurimum
821 3414 980 3495 verentes,
1010 3432 1052 3479 ne
1072 3412 1288 3499 imprudentia
1306 3419 1421 3480 nosue
1441 3434 1495 3483 ve

323 3528 423 3589 stram
450 3520 601 3592 offensam
628 3545 829 3593 mereremur.
869 3526 907 3593 In
933 3526 993 3593 hoe
1017 3528 1126 3614 itaque
1154 3530 1256 3596 nostri
1282 3548 1355 3597 oum
1377 3530 1494 3599 Heres-

322 3638 462 3707 leldense
483 3641 606 3708 oonsilii
629 3662 753 3709 summa
780 3643 945 3732 proposita
970 3648 1003 3710 et
1022 3642 1150 3713 firmata
1169 3646 1244 3713 tuit:
1266 3651 1319 3731 ut,
1342 3648 1493 3732 quoniam

322 3754 356 3821 hi
379 3755 440 3822 duo
463 3756 603 3843 aberant,
626 3758 680 3843 qui
701 3759 793 3826 nobis
815 3759 970 3827 doctiores
992 3766 1026 3828 et
1045 3761 1192 3830 meliores
1206 3764 1299 3849 longe
1314 3764 1492 3849 exstabant,

322 3870 444 3940 nullum
465 3873 500 3939 in
521 3873 681 3941 electionis
707 3876 830 3944 aotione
851 3896 1037 3944 eonsensum
1058 3879 1272 3966 preberemus,
1294 3886 1345 3947 set
1360 3900 1492 3970 suspen·

323 3989 367 4056 sis
390 3994 483 4076 atque
505 3990 633 4079 incertis
656 3992 810 4078 omnibus,
833 3998 940 4060 vestra
960 3995 1077 4061 iterum
1097 3996 1197 4063 iussio
1217 3996 1270 4063 vel
1284 3996 1382 4082 legati
1396 3999 1491 4067 vestrl

324 4107 493 4174 auotortas
523 4112 750 4194 expectaretur.
792 4109 915 4177 Deinde
936 4111 1040 4178 voeati
1068 4132 1087 4179 a
1113 4112 1280 4200 nauibus,
1307 4115 1489 4203 capitolium

323 4221 464 4308 ipsorum
491 4228 624 4310 uterque
649 4224 852 4312 intravimus,
879 4226 1020 4313 iussique
1045 4229 1178 4299 verbum
1200 4231 1429 4300 montenonis
1450 4230 1490 4300 ad

394 4353 418 4409 1.
437 4354 472 4410 V.
489 4369 534 4430 ep.
547 4352 600 4413 123
617 4370 700 4430 supra
716 4372 744 4427 p.
757 4358 819 4415 196.
889 4359 916 4415 2.
934 4358 968 4417 V.
987 4374 1050 4431 epp
1064 4361 1117 4419 128
1133 4366 1164 4419 et
1181 4362 1235 4419 las
1250 4376 1336 4434 supra
1351 4378 1381 4435 p.
1392 4364 1455 4421 M
