3117 4859
416 318 565 367 wmauor
586 318 751 368 nemnem
773 317 826 365 rer.
1138 300 1203 369 287

55 463 96 527 est
113 456 232 525 familia
252 458 347 546 primi
368 462 508 546 parentis
531 461 635 545 Adae,
663 462 697 528 in
720 481 783 547 qua
803 461 903 528 irater
922 460 1031 528 frium
1053 461 1205 545 sanguine
1223 465 1293 523 1142

51 574 222 661 parricidali
242 579 361 643 terram
381 576 563 659 inebriavit;
586 597 645 645 uec
667 578 830 662 augustior
850 576 973 643 familia
985 576 1052 645 Noe
1072 578 1107 643 in
1122 596 1204 661 arca,

52 689 158 775 mque
170 690 233 758 fuit
245 688 338 775 lilios,
362 694 426 779 qui,
449 693 554 761 derisa
566 694 765 780 postmodnm
779 693 922 761 nuditate
935 694 1047 780 patris,
1069 690 1206 759 liliorum

17 826 20 831 ·
50 807 245 893 propaginem
266 808 300 875 in
322 808 393 895 ipsa
415 810 514 896 stirpe
534 810 701 877 maledicte
724 809 918 895 subiugavit3
940 828 1042 895 neqm
1059 828 1205 876 numero·

51 922 106 989 sior
124 923 245 991 familia
267 923 456 1010 Salomonis,
479 926 513 992 in
536 947 599 1013 qua
619 927 680 993 luit
701 926 810 993 Adaht
829 921 993 993 Idumcns¹
1013 926 1064 991 sui
1085 924 1205 991 domini

49 1045 228 1124 persecutor.
273 1040 385 1109 Nonne
410 1042 443 1109 io
473 1042 565 1109 domo
587 1041 687 1127 illius,
716 1063 737 1110 a
759 1064 820 1129 qno
842 1044 944 1110 omnis
967 1042 1124 1129 sapientia
1146 1046 1204 1124 esa

49 1152 102 1221 luit
125 1156 209 1223 inter
236 1156 401 1225 duodecim
422 1158 580 1245 apostolos
601 1178 682 1227 unns
705 1158 798 1227 ludas
819 1154 1000 1247 proditor'?
1043 1157 1108 1225 llos
1130 1177 1205 1225 vero

49 1268 195 1339 interdum
224 1276 261 1339 ut
280 1273 427 1341 ¹homines
455 1295 612 1361 erramus,
641 1274 808 1363 aliquando
835 1275 1024 1361 negligimus
1053 1279 1109 1341 aut
1130 1274 1206 1341 victi

49 1407 144 1455 rerum
166 1390 352 1457 necessitate
374 1396 523 1459 mcemns.

124 1502 228 1573 Erant
259 1506 438 1575 habitacula
463 1507 661 1576 Gorbeiensis
690 1507 812 1575 abbatis
840 1512 975 1592 angusta
1001 1511 1034 1574 et
1059 1506 1204 1587 ruinosa3

47 1638 96 1685 nes
116 1622 274 1689 ereximus
296 1642 379 1691 nova
400 1630 433 1691 et
453 1624 548 1691 fortia
570 1630 602 1693 et
624 1645 704 1712 quae
725 1644 817 1692 suam
834 1623 1068 1691 multitudinem
1083 1623 1207 1709 possint

48 1753 158 1823 capere,
182 1737 363 1807 Tullianum
383 1740 462 1807 illud
484 1759 542 1827 pre
564 1740 685 1809 iuribus
708 1748 740 1809 et
755 1762 813 1829 pre
828 1740 926 1809 oculis
940 1740 1106 1807 habentes:
1129 1740 1206 1805 Non

47 1854 128 1921 domo
149 1857 312 1940 dorcinca,
338 1871 383 1925 eet
404 1860 531 1925 mesine
553 1860 663 1925 ἀοιιιιω
685 1860 878 1925 honestando
899 1850 970 1924 αι’.
1016 1854 1207 1942 Inscriptum

48 1974 90 2035 est
107 1990 223 2039 nomen
244 1994 349 2041 meum
370 1975 405 2041 in
427 1972 659 2061 superliminari
682 1972 829 2041 anatalio
848 1973 962 2039 ianuae
977 1990 1050 2039 cum
1063 1991 1205 2055 numero,

47 2090 148 2169 melus
171 2088 234 2155 sim
255 2090 289 2156 in
310 2089 474 2174 cathalogo
498 2088 645 2157 abbatum
669 2088 917 2172 Corbeieusinm3
944 2087 1027 2175 quod
1048 2087 1119 2172 feei,
1141 2108 1231 2154 non‹

47 2204 78 2266 ot
96 2222 279 2271 evacuarem
301 2224 400 2291 spem,
424 2226 486 2291 que
506 2208 647 2293 reposita
668 2212 717 2273 est
738 2207 772 2273 in
794 2207 867 2273 sinu
888 2225 970 2289 mec,
991 2208 1042 2271 set
1062 2206 1100 2269 nt
1114 2203 1205 2271 doce·

47 2336 106 2383 rem
126 2325 280 2405 posteros,
302 2339 343 2388 ue
365 2326 470 2389 essem
486 2322 573 2389 avari
588 2324 654 2391 sive
668 2323 791 2410 profusi
804 2322 855 2389 vel
868 2322 975 2389 ociosi
1045 2318 1206 2406 Scriptum

48 2438 88 2500 est
106 2433 152 2501 ibi
168 2433 278 2503 Grecis
301 2436 414 2504 litteris
435 2437 515 2504 illud
537 2439 576 2506 de
597 2438 715 2526 templo
730 2437 903 2526 Apollinis:
928 2437 1014 2505 saco
1037 2449 1067 2502 te
1088 2438 1203 2522 apamia

125 2551 283 2638 Canentis,
307 2552 390 2639 quod
410 2554 445 2619 in
466 2553 622 2642 principio
640 2554 776 2621 nominis
796 2554 859 2620 mei
876 2557 942 2618 tres
955 2549 1079 2617 vocales
1094 2556 1205 2616 contra

46 2672 120 2735 recte
142 2668 301 2735 scribendi
323 2670 477 2736 rationem
500 2670 683 2737 coniunctae
706 2670 785 2749 sint3
810 2688 943 2753 quarum
964 2666 1045 2733 duae
1066 2666 1204 2732 insertae

46 2802 95 2868 pru
109 2784 352 2852 consonantibus
366 2792 527 2871 ponuntm
547 2792 579 2854 et
593 2806 706 2853 nomen
728 2783 935 2851 triesillabum
958 2778 1121 2850 efficiuut⁴.
1157 2782 1205 2848 Tu

45 2906 143 2986 putas,
169 2900 358 2986 regulariter
379 2900 413 2967 id
435 2921 498 2967 non
520 2922 612 2989 posse
627 2900 711 2984 fieri3
736 2907 768 2969 et
790 2898 941 2988 postulas,
963 2905 1001 2966 ut
1022 2899 1128 2986 prima
1148 2918 1205 2964 ne-

45 3016 129 3083 minis
156 3016 266 3085 littera
287 3016 316 3084 V
343 3015 395 3084 vel
422 3022 568 3105 separata
589 3018 654 3084 vim
676 3012 820 3103 vocalis⁸,
848 3016 900 3084 rel
927 3016 1036 3082 iuncta
1063 3014 1205 3101 sequenti

45 3136 72 3197 et
91 3134 192 3202 eidem
208 3135 273 3201 uim
295 3134 494 3201 consonantis
517 3129 684 3219 obtineat⁸,
708 3141 741 3201 et
761 3154 878 3200 nemen
894 3132 1124 3201 tetrasillabum
1138 3128 1203 3197 fiat

45 3244 152 3317 lerum
175 3250 355 3318 scolastice:
380 3248 415 3316 Si
436 3254 568 3337 possunt
589 3250 623 3316 in
645 3250 772 3317 nomine
794 3250 923 3338 proprio
941 3248 992 3316 vel
1015 3246 1205 3337 appellativo

45 3362 116 3433 duae
137 3370 345 3434 consonantes
368 3371 440 3433 ante
455 3365 595 3433 vocalem
608 3366 706 3452 iungi,
731 3368 813 3434 sicut
825 3381 933 3455 puato,
953 3365 1081 3447 caea,
1105 3368 1203 3453 spire,

37 3480 140 3565 fleres,
156 3486 286 3570 flectus,
310 3503 366 3549 cur
388 3483 467 3550 duae
489 3480 612 3549 uocales
634 3482 702 3550 loco
726 3484 965 3551 consonantium
987 3482 1110 3569 positae
1132 3501 1206 3548 cen·

43 3594 185 3678 glutimri
208 3602 240 3665 et
262 3596 391 3671 conflari
413 3619 475 3665 non
498 3598 638 3685 possint?
669 3598 724 3666 Set
746 3606 783 3667 ut
803 3620 855 3667 me
878 3600 1041 3685 questione
1058 3597 1205 3665 tualibe·

43 3730 112 3798 rem
135 3720 169 3783 et
190 3714 242 3781 vel
255 3716 355 3783 iratus
369 3715 420 3782 vel
433 3714 575 3803 placatus
596 3736 615 3782 a
634 3736 686 3782 me
707 3716 846 3801 recedas,
861 3714 985 3782 Latinis
1000 3716 1118 3800 regulis
1133 3716 1206 3783 bar-

44 3825 112 3896 bara
125 3830 255 3898 nemina
277 3832 389 3916 stringi
410 3852 474 3898 nen
489 3836 637 3919 possunt3
661 3838 693 3899 et
715 3852 772 3899 nos
795 3830 976 3899 Germanici
1000 3852 1118 3916 snmus,
1141 3851 1205 3897 nen

45 3941 119 4013 Galli
133 3946 268 4033 domati,
291 3948 345 4034 qui
359 3948 394 4014 in
407 3946 523 4014 talibus
539 3947 718 4015 nominibus
734 3946 761 4015 G
776 3948 876 4036 proV
892 3948 1042 4015 anteriori
1057 3942 1203 4034 ponunt'.

17 4152 22 4161 ,
123 4060 220 4148 llaec,
242 4064 340 4131 irater
362 4062 572 4149 dilectissime,
595 4085 654 4151 pro
677 4068 749 4131 tuae
772 4064 930 4131 amicitiae
953 4063 1071 4130 intuitu
1094 4068 1126 4130 et
1147 4084 1204 4149 pro

46 4179 243 4247 accendendis
270 4180 386 4247 sorcius
414 4181 527 4247 studiis
549 4182 612 4248 tuis
640 4186 750 4248 contra
777 4181 915 4265 rigorem
942 4180 1082 4247 instituti
1104 4179 1205 4245 uostm

109 4292 133 4347 1.
151 4292 251 4363 SReg.
263 4294 306 4362 11,
318 4292 444 4349 14-26.
505 4294 532 4349 2.
550 4293 586 4349 de
603 4294 726 4351 wibaldi
742 4293 931 4363 proditoribus
947 4308 974 4347 v.
993 4308 1039 4362 ep.
1050 4292 1103 4349 149
1121 4306 1206 4361 supra

45 4379 139 4445 tam.
191 4381 570 4451 aciedeolclcama.
631 4382 945 4440 4.sie:Wibaldus.
1004 4382 1206 4453 §.delegatur

48 4464 239 4527 duibuldus.
293 4470 318 4527 6.
336 4474 368 4526 ut
385 4470 493 4542 legator
511 4470 705 4529 Vuibaldus.
760 4469 1081 4528 'l.sic:(}uibeldus.
