3117 4859
447 298 595 346 wmamr
616 296 782 347 asmona
803 297 856 345 ruo.
1177 279 1242 349 199

157 438 258 509 Grata
278 440 370 509 nobis
391 440 483 508 valde
505 445 554 507 eet
575 444 609 507 et
623 439 759 509 iocunda
775 460 815 508 ea
827 459 934 507 rerum
948 439 1156 528 oportunitas,
1180 460 1242 526 que
1261 444 1331 501 1148

62 556 159 627 nobis
187 557 370 625 facultatem
398 557 632 643 subministrat,
663 561 701 624 ut
727 562 851 625 restrae
878 556 1078 623 universitati
1104 556 1241 624 scribere

62 675 165 743 immo
194 694 269 741 uero
298 678 448 760 tanquam
476 694 548 741 oum
576 674 776 762 presentibus
806 672 942 758 colloqui
964 679 997 741 et
1018 671 1165 741 affectum
1186 672 1241 740 de-

62 810 214 879 promere
235 789 411 873 ualeamus3
435 795 469 857 et
488 810 527 857 ea
540 790 631 858 nobis
645 791 781 857 materia
794 789 948 857 illustrior
963 794 1012 857 est
1026 794 1059 856 et
1073 789 1241 875 acceptior,

62 928 135 995 que,
161 907 287 974 deterw
310 908 408 975 animi
428 908 531 975 nosbu'
552 928 679 994 angore,
703 925 849 975 serenum
871 904 1022 992 quiddam
1044 910 1138 992 atque
1153 910 1240 972 tran

63 1023 201 1111 quillum
223 1026 323 1091 menti
344 1028 472 1092 nostrae
494 1025 651 1113 copiosius
673 1024 822 1092 infundit
856 1021 947 1101 Quod
967 1022 1076 1109 utique
1095 1021 1240 1090 uberiore

61 1141 171 1227 gratia
191 1142 309 1209 totiens
330 1139 377 1226 fit,
401 1142 545 1227 quotiens
560 1146 678 1209 statum
693 1145 834 1209 veebum
855 1143 923 1206 tam
937 1139 972 1205 in
985 1139 1129 1225 personis
1145 1158 1241 1226 quam

61 1258 95 1325 in
123 1257 224 1325 rebus
252 1257 370 1344 absque
396 1256 491 1325 ullius
519 1259 659 1327 iacturae
686 1256 827 1343 graviori
853 1255 1041 1323 detrimento
1069 1255 1240 1342 procedere

62 1373 282 1459 iutelligimua
317 1373 508 1443 Gonsuetam
530 1376 614 1442 cirea
635 1396 693 1443 nos
717 1375 895 1441 animorum
916 1377 1095 1440 uestrorum
1109 1372 1240 1439 sinceri·

61 1494 163 1557 tatem
189 1494 224 1559 et
245 1490 425 1558 cottidianis
447 1492 649 1559 incrementis
672 1511 741 1559 sese
763 1488 1037 1558 transcendentem
1059 1486 1240 1555 beniuolen-

62 1606 141 1675 tiam
168 1606 206 1673 in
227 1606 406 1675 litterarum
427 1614 603 1677 verberum
627 1613 737 1676 tenore
759 1606 948 1693 accepimus.
981 1604 1026 1672 Et
1046 1604 1121 1673 lieet
1142 1605 1240 1673 tantis

62 1721 196 1791 laudum
224 1724 381 1811 preconiis
403 1724 578 1793 iudicemur
599 1726 722 1811 indigni
744 1728 777 1791 et
798 1728 908 1791 nostra
928 1722 1043 1790 merita
1065 1722 1150 1789 circa
1171 1741 1241 1789 aee

63 1839 179 1907 clesiae
211 1846 335 1907 vestae
363 1846 532 1925 augmenta
553 1846 586 1909 et
606 1841 777 1909 abbatem
797 1860 996 1926 nequaquam
1017 1858 1242 1924 recognoscere

63 1976 296 2045 prosumnus,
323 1962 430 2025 tamen
453 1958 578 2026 dinnao
600 1959 732 2044 gratim,
754 1958 807 2025 eui
827 1962 928 2024 totum
953 1957 1037 2043 quod
1059 1976 1168 2022 sumus
1190 1975 1241 2023 as·

64 2074 244 2158 inibimus,
266 2078 335 2141 tete
357 2074 460 2141 cordis
484 2074 597 2142 affectu
619 2079 652 2142 et
673 2076 758 2142 uocis
781 2074 958 2141 ministerio
980 2072 1100 2158 gratias
1122 2071 1241 2139 referre

64 2210 125 2257 uon
154 2210 332 2275 cessamus,
363 2190 448 2276 quod
473 2192 588 2259 mentis
615 2196 739 2258 restrae
767 2190 959 2258 desiderium
987 2209 1063 2275 erga
1087 2209 1241 2277 personae

63 2312 191 2375 nostrae
214 2306 290 2373 licet
310 2306 383 2375 uilis
406 2313 438 2375 et
455 2308 587 2393 exiguae
602 2328 741 2375 amorem
756 2306 990 2375 habundantius
1006 2305 1159 2390 accendit,
1181 2325 1241 2373 nec

64 2444 101 2491 ex
129 2424 340 2491 diuturnitate
369 2423 532 2491 fastidium
559 2444 660 2511 neque
689 2445 727 2491 ex
756 2406 941 2491 assiduitate
964 2426 1162 2509 contemptus
1184 2443 1240 2489 ne-

66 2562 122 2627 que
150 2562 192 2607 ex
217 2541 379 2608 occasione
401 2542 526 2607 novitas
548 2542 582 2607 in
604 2548 745 2609 uestrum
767 2540 934 2624 collegium
957 2539 1163 2624 subintravit,
1191 2542 1241 2605 set

65 2658 270 2745 propensiore
296 2658 445 2725 karitatis
472 2657 597 2726 vinculo
627 2662 659 2726 et
684 2662 808 2725 uosmet
833 2656 920 2743 ipsos
948 2656 1084 2722 invicem
1113 2659 1145 2722 et
1170 2674 1239 2740 nos,

66 2792 171 2841 omnes
202 2778 234 2841 et
256 2774 387 2860 singuli,
417 2779 450 2841 et
472 2774 654 2841 honorando
676 2773 808 2858 diligitis
832 2778 865 2839 et
886 2771 1044 2857 diligendo
1067 2772 1238 2838 honoratis.

65 2886 100 2956 ln
126 2911 191 2976 quo
222 2890 439 2959 sanctissimae
465 2890 599 2959 unitatis
627 2889 748 2975 glutino
772 2888 902 2957 solidius
925 2883 1098 2974 coniuncti,
1130 2893 1161 2956 et
1184 2888 1239 2956 ed-

66 3026 154 3073 versa
176 3007 289 3074 mundi
310 3007 415 3093 huius,
438 3028 498 3093 que
520 3028 576 3073 vos
592 3012 625 3074 et
638 3010 745 3073 uestra
765 3006 884 3073 crebris
906 3010 937 3073 et
951 3004 1156 3073 validissimis
1168 3006 1239 3074 icti·

67 3120 121 3189 bus
144 3124 303 3211 quatiunt,
329 3124 454 3191 fortiter
475 3123 617 3191 toleratis
641 3128 682 3207 et,
705 3121 913 3189 incommodis
936 3142 1043 3189 rerum
1066 3120 1238 3189 defectibus

67 3238 278 3307 indesinenter
307 3240 482 3325 molestati,
512 3260 625 3325 augere
654 3244 760 3306 tamen
791 3244 823 3306 et
848 3238 1022 3325 prouehere
1044 3239 1156 3305 domus
1177 3237 1239 3331 Dei

68 3354 209 3424 decorem
232 3376 294 3423 non
317 3357 457 3423 cessatis.
493 3356 610 3435 Quodsi
632 3356 715 3423 inter
731 3376 788 3422 uos
809 3354 923 3443 aliquis
944 3356 1119 3423 discordiae
1139 3376 1238 3422 nevus

70 3478 233 3561 appareret
255 3477 286 3540 et
307 3494 363 3539 uos
387 3472 493 3559 aliqua
514 3474 691 3539 novitatuun
714 3472 882 3540 ambitiosa
903 3472 1028 3540 macula
1051 3472 1238 3557 sordidaret,

68 3608 126 3656 non
148 3591 284 3657 dicimus
306 3610 456 3675 cresccre,
480 3594 529 3657 set
550 3609 590 3656 nc
613 3594 697 3656 stare
720 3589 849 3675 quidem
870 3590 1016 3676 possetis.
1090 3588 1238 3657 Ceterum

71 3707 146 3791 quod
169 3706 209 3775 de
232 3706 369 3774 utilitate
391 3707 550 3773 communi
572 3711 716 3773 nostrum
739 3705 906 3773 eonsilium
929 3710 960 3772 et
981 3707 1166 3773 mandatum
1182 3728 1237 3773 ex·
1315 3687 1318 3700 ¹

40 3906 43 3916 Ι
70 3824 224 3908 portastis,
250 3843 314 3890 non
337 3823 529 3891 arbitramur
550 3823 669 3889 lactum
691 3843 761 3890 esse
784 3844 825 3890 ex
847 3820 1023 3889 diffidentia
1044 3822 1236 3910 impetrandi

71 3944 114 4005 set
133 3940 240 4028 potius
263 3961 302 4006 ex
326 3938 489 4006 alacritate
512 3937 686 4006 obediendi.
722 3938 883 4027 Siquidem
908 3940 1031 4005 ammos
1047 3945 1155 4006 noster
1171 3939 1234 4005 ianr

74 4054 197 4142 alongo
220 4060 363 4143 tempore
385 4054 474 4123 uobis
498 4060 546 4123 eet
567 4056 762 4141 notissimus,
786 4056 869 4143 quod
891 4060 1017 4143 promta
1034 4060 1066 4122 et
1079 4054 1166 4122 facili
1180 4074 1235 4120 vo·

72 4166 198 4258 luntate,
230 4172 377 4260 quioquid
400 4193 420 4239 a
441 4172 531 4239 laicis
555 4177 741 4259 extorquere
763 4172 938 4260 potuimus,
965 4172 1079 4239 vestus
1102 4177 1135 4238 et
1155 4191 1234 4258 pau·

74 4305 175 4371 perum
197 4290 321 4375 usibus,
344 4288 452 4357 habito
473 4310 531 4376 pre
555 4288 653 4357 oculis
675 4289 775 4357 divim
797 4294 943 4376 respectu
965 4288 1084 4372 iudicii,
1106 4292 1233 4375 coapta·

76 4401 175 4475 umus.
211 4404 409 4475 confidentes
436 4406 535 4492 igitur
561 4406 601 4475 de
627 4406 824 4497 protectione
851 4404 960 4473 diuus
986 4408 1021 4475 et
1044 4404 1085 4473 de
1105 4409 1233 4477 nota
