3117 4859
86 4497 158 4519 A.

325 272 387 341 122
662 290 810 342 wmsrns
830 292 1016 342 misnensis
1036 290 1145 340 ss-se.

215 434 283 491 114⁷
322 407 460 501 bonoin
481 432 593 503 melius
616 454 674 503 sus
695 433 848 503 ineffabili
869 436 987 524 pietate
1002 440 1187 523 promerent
1199 439 1304 523 etper
1317 432 1477 503 continete

190 510 306 559 oluit

322 549 432 618 solutis
455 558 657 636 augmentum
677 572 847 640 personum
867 558 956 619 tunm
975 552 1109 621 feliciter
1128 552 1308 639 prosperari
1323 550 1476 618 concedet

321 666 385 733 Nos
412 668 542 753 etenim,
573 668 656 755 quod
681 689 721 735 ex
742 669 834 737 nobis
856 675 920 754 est,
947 670 983 735 in
1003 668 1116 755 quibus
1137 686 1210 735 cum
1230 668 1349 735 honore
1368 666 1429 735 ou·
1448 672 1480 734 et

321 782 469 852 ecelesiae
495 804 569 853 suoe
593 786 782 872 poterimus,
810 805 903 872 opem
924 784 983 853 tibi
1005 790 1038 853 et
1058 784 1223 853 eonsilium
1244 784 1392 853 exhibere
1411 789 1478 852 teu·

320 920 415 987 quem
434 898 500 969 filio
522 900 725 969 dilectissimo
748 906 936 987 satagemus.

319 1139 382 1210 44.
407 1142 568 1231 Eupeos'us
585 1142 643 1211 ΙΠ
659 1166 750 1231 popo
777 1126 917 1231 liudolfo
946 1145 1089 1231 episcopo
1113 1140 1366 1209 Halteretodensi
1392 1165 1480 1208 mose·

408 1261 476 1341 dat,
512 1271 547 1326 ot
573 1261 757 1326 monasterio
789 1260 962 1326 Corbes'eoss'
992 1259 1112 1325 oblatus
1132 1260 1339 1345 possessiones
1363 1258 1482 1324 roseos

405 1377 517 1441 iubeat.
1341 1370 1397 1454 (lt
1414 1372 1479 1455 28.)

208 1508 276 1564 114⁷
405 1507 565 1594 Eugenius
592 1509 756 1597 episcopus
785 1528 893 1576 servus
921 1526 1084 1576 servorum
1105 1505 1166 1575 Dei
1192 1504 1363 1573 venerabili
1390 1506 1481 1573 fratri

316 1620 476 1708 R(udolfo)
495 1620 773 1711 Haluerbergensi¹
787 1625 934 1713 episcopo
955 1623 1090 1692 sulutem
1110 1628 1144 1691 et
1162 1622 1368 1711 apostolicam
1387 1624 1481 1692 bene-

317 1738 493 1808 dictionem.

405 1856 545 1925 Dilectus
565 1855 649 1924 lilius
663 1860 771 1924 noster
781 1854 944 1924 Wibsldus
960 1856 1056 1924 abbas
1071 1860 1103 1923 et
1116 1854 1261 1923 monachi
1276 1853 1480 1924 corbeienses

315 1973 405 2042 nobis
435 1973 597 2060 conquesti
620 1968 713 2057 sunt,
743 1971 826 2060 qued
853 1971 961 2060 Poppo
991 1972 1030 2040 de
1051 1971 1308 2040 Blnnoheuburoh
1337 1976 1370 2039 et
1397 1970 1480 2039 filius

315 2092 382 2157 eius
404 2088 438 2157 C.
463 2095 556 2176 etque
576 2088 714 2172 Rieinh.)
737 2090 903 2156 cononicus
926 2096 998 2157 tuus
1020 2089 1141 2157 reditus
1163 2108 1287 2173 omnes,
1316 2108 1397 2175 quos
1425 2088 1481 2156 hs·

314 2206 448 2274 buerunt
470 2206 503 2272 in
518 2201 768 2293 Gropensteden¹
784 2210 817 2273 et
831 2203 1019 2292 Gmninge',
1042 2206 1103 2273 sibi
1116 2205 1269 2273 violenter
1284 2204 1482 2272 obstuleruut

314 2329 346 2391 et
372 2324 487 2390 iniuste
510 2322 679 2389 detineant.
717 2320 799 2400 Quis
819 2322 916 2406 igitur
939 2342 979 2389 eu
1000 2320 1095 2388 officii
1115 2322 1217 2388 nostri
1244 2320 1348 2388 debito
1371 2340 1481 2389 eorum

311 2440 455 2508 iustioise
477 2438 585 2506 deesse
612 2458 670 2505 neo
695 2436 839 2505 volumus
866 2457 925 2504 neo
951 2438 1115 2523 debemus,
1142 2457 1201 2525 per
1229 2436 1403 2524 apostoliea
1423 2438 1482 2505 tibi

313 2557 431 2644 scripte
445 2555 631 2623 mundamus
647 2559 741 2641 etque
755 2554 957 2642 precipimus,
978 2554 1135 2639 quatinus,
1156 2554 1186 2620 si
1200 2574 1308 2620 eorum
1323 2556 1480 2640 querimo-

311 2674 507 2742 niaveritete
518 2672 673 2757 innititur,
685 2671 772 2759 ipsos
784 2671 944 2737 invasores
956 2670 1481 2756 districteoommoneas,utebletu

311 2810 383 2858 cnm
397 2789 577 2873 integritate
590 2788 767 2856 restituunt
796 2787 946 2873 Alioquin
960 2784 1045 2851 infru
1059 2786 1136 2853 duos
1155 2807 1291 2871 menses,
1311 2790 1480 2873 postquam

311 2905 471 2994 presentie
493 2906 612 2992 scripte
633 2905 819 2991 susceperis,
842 2904 880 2970 de
902 2902 980 2990 ipsis
1000 2902 1184 2970 canonicum
1197 2902 1356 2970 iusticiam
1369 2902 1478 2971 facins

185 1596 204 1630 o.
213 1582 261 1631 lun.
271 1585 301 1631 22

313 3142 377 3215 45.
400 3141 561 3231 Ecpem'oe
575 3142 631 3211 ΙΠ
642 3168 732 3233 papa
752 3143 864 3210 Reno.
881 3145 1028 3209 canonico
1042 3140 1297 3210 Halteretodeoes'
1311 3146 1479 3233 praecipit,

400 3272 435 3325 ct
455 3262 639 3325 monasterio
664 3261 838 3327 Cos-belensi
859 3260 964 3326 adleta
986 3261 1134 3325 restituat.
1340 3257 1397 3340 (ll.
1414 3258 1479 3343 29.)

206 3403 273 3457 1147
400 3390 562 3477 Eugenius
597 3394 761 3481 episeopus
795 3413 904 3460 servus
932 3412 1095 3459 servorum
1123 3390 1184 3459 Dei
1212 3391 1323 3460 Reinh.
1347 3392 1479 3461 Heluor-

208 3476 497 3591 1¹¹¹¹'²⁹(stedensi)·
519 3508 668 3576 canonico
691 3507 825 3575 sulutem
848 3510 880 3574 ot
901 3506 1106 3595 apostolicum
1127 3507 1386 3576 benedictionem.

402 3623 518 3692 Dileeti
539 3622 599 3691 filii
619 3623 721 3691 nostri
737 3621 875 3691 Wibeldi
891 3624 1012 3691 abbatis
1028 3628 1060 3690 et
1073 3625 1296 3692 monachorum
1312 3624 1479 3694 eoroeien-

314 3740 396 3807 sium
425 3739 585 3828 querelam
613 3739 805 3827 occepimus,
834 3739 916 3826 quod
943 3740 978 3807 in
1004 3738 1081 3807 vilic
1105 3739 1340 3829 cropensteden
1366 3743 1479 3829 viginti

277 3873 278 3881 ¹
312 3876 439 3923 mensos
469 3856 530 3924 sibi
558 3856 674 3922 iniuste
701 3860 733 3922 ot
753 3855 907 3923 violenter
928 3854 1104 3924 abstuleris.
1138 3858 1220 3937 Quin
1240 3860 1355 3944 igilur,
1383 3859 1479 3927 ecolo-

314 3971 512 4039 siustioorum
534 3972 686 4039 bonorum
708 3991 892 4058 pervasores
916 3978 1033 4059 quanta
1054 3973 1118 4039 sint
1139 3974 1412 4045 animadversione
1430 3996 1479 4043 co-

313 4087 424 4175 gendi,
452 4087 511 4154 tibi
538 4107 601 4153 non
630 4086 786 4154 credimus
815 4108 883 4156 esse
910 4088 1119 4175 incognitum,
1147 4110 1205 4178 per
1228 4091 1401 4180 apostolico
1422 4090 1478 4159 tibi

385 4232 406 4267 ι.
426 4218 483 4267 nstv

385 4306 411 4360 1.
427 4234 727 4375 legfddversudensi.
780 4305 1320 4380 n.xroppenstsdtpropeflmberstadt
1373 4312 1399 4369 ³.
1412 4310 1477 4371 (itit

313 4388 418 4465 ningen
433 4408 460 4448 s.
479 4408 562 4463 suprs
578 4408 607 4463 p.
620 4393 671 4451 lon
688 4408 715 4449 n.
730 4395 756 4451 1.
