3117 4859
270 269 274 277 ·
310 257 376 325 382
644 276 793 323 wrasnm
814 276 1001 325 nrrenonan
1021 274 1076 323 sae.
1093 275 1147 322 ser.

220 422 292 479 1150
309 422 410 504 pater,
432 416 526 485 modo
549 436 671 504 quoque
693 418 832 501 obsecro,
854 423 892 485 nt
911 418 1104 486 benedicatis
1126 420 1224 486 οιὶιιιιι
1243 438 1338 504 nunc,
1358 423 1390 486 et
1401 438 1467 505 pro-

309 534 469 620 pinquiori
497 540 630 619 cognato
658 556 728 602 meo
756 535 893 602 novenni
919 535 1112 622 prebendam
1137 542 1170 603 et
1189 536 1296 603 locum
1317 535 1399 623 apud
1414 555 1470 602 nos

309 649 496 717 concedatis.
531 650 613 718 Nam
635 652 697 719 etsi
718 672 782 719 non
803 672 943 738 possum,
966 652 1028 720 Dei
1050 653 1113 719 en't
1133 654 1318 738 retribuere,
1340 653 1473 719 sieivin

310 770 342 833 et
362 766 459 833 ianua
478 768 601 835 fueritis
617 768 763 835 veniendi
786 768 827 835 ad
846 768 916 853 hoc,
939 775 976 835 ut
989 769 1188 855 passionibus
1204 770 1323 836 Christi
1336 771 1371 835 in
1391 790 1474 836 mon-

182 904 185 913 ’
310 884 426 951 asterio
448 884 506 951 sub
529 885 639 953 habitu
661 885 843 952 monachico
864 906 924 973 per
944 886 1137 972 pacientiam
1157 886 1336 975 participet
1370 884 1476 952 Frater

309 1006 414 1068 vester
439 1001 478 1069 de
500 1020 595 1068 causa
617 1002 676 1069 hac
696 1001 853 1087 legatione
874 1002 1017 1087 fungitur
1039 1023 1098 1090 pro
1113 1024 1179 1085 me3
1202 1008 1343 1070 vestrum
1367 1007 1424 1086 ast,
1443 1006 1478 1067 ut

309 1118 486 1206 respiciatis
515 1123 695 1205 sperantem
722 1118 756 1185 in
783 1118 873 1187 vobis
901 1124 933 1186 et
954 1140 1084 1187 manum
1106 1119 1290 1187 clementiae
1312 1119 1478 1207 porrigatis

310 1254 382 1301 cum
402 1234 518 1302 fiducia
540 1235 740 1323 supplicanti.
785 1234 905 1303 Valete.

313 1455 401 1527 257.
423 1459 618 1527 stabelaco
639 1458 814 1525 Wiboldom
838 1460 882 1526 ad
902 1483 934 1524 ce
955 1460 1059 1524 uenire
1081 1469 1196 1546 optaret.
1241 1458 1369 1542 Petunt,
1397 1470 1434 1523 ot
1450 1481 1484 1523 re

422 1568 511 1655 epod
537 1590 641 1655 repam
669 1568 793 1633 odiooet
819 1578 927 1632 conto
956 1566 1134 1633 Goaas'oom
1161 1577 1191 1631 et
1218 1566 1418 1632 Ecerordm
1446 1567 1485 1630 de

422 1673 616 1761 Herspcbocd.
1322 1668 1378 1755 (M
1395 1672 1485 1752 237.)

222 1807 293 1864 1150
399 1787 581 1855 Reverendo
602 1790 638 1855 in
653 1787 778 1854 Christo
800 1787 886 1874 patri
908 1807 964 1854 sno
987 1791 1020 1854 et
1040 1787 1168 1853 domino
1183 1784 1354 1869 Wtibaldo)
1371 1787 1485 1853 Stabu-

310 1904 391 1972 lensi
404 1904 576 1972 venerabili
600 1904 708 1971 abbati
728 1903 858 1971 humilis
875 1904 934 1971 sub
950 1924 986 1971 eo
1001 1904 1111 1970 codem
1125 1904 1160 1969 in
1173 1901 1243 1970 loco
1264 1924 1342 1987 grex
1357 1903 1486 1970 Christo

310 2022 451 2089 militans
473 2021 598 2088 debitae
620 2020 823 2087 subiectionis
846 2024 878 2087 ct
900 2019 1076 2087 dilectionis
1097 2019 1317 2086 reverentiam.

399 2137 498 2222 Licet,
521 2142 622 2224 pater,
640 2136 700 2203 hoc
713 2142 856 2223 tempore
870 2135 962 2203 solito
976 2136 1080 2203 rarius
1094 2137 1184 2203 vobis
1198 2141 1309 2202 nostra
1321 2134 1489 2222 scripserit

310 2255 515 2337 universitas,
543 2258 650 2320 minen
677 2272 741 2319 nou
769 2272 806 2321 eo
832 2253 949 2319 minori
976 2253 1123 2319 karitads
1145 2252 1258 2319 ardore
1280 2252 1365 2319 amca
1385 2252 1487 2321 vestri

311 2392 451 2441 amorem
473 2369 683 2454 accendimur,
706 2390 778 2437 cum
799 2369 919 2436 tociens
934 2388 990 2435 vos
1012 2369 1104 2437 nobis
1126 2388 1196 2435 esse
1214 2374 1395 2456 presentem
1408 2370 1488 2435 esti·

310 2510 449 2573 memus,
473 2487 616 2573 quotiens
638 2487 767 2573 pietatis
789 2492 913 2552 vestrae
935 2484 1041 2552 studia
1062 2486 1147 2551 circa
1167 2504 1226 2550 nos
1248 2489 1282 2551 et
1302 2482 1406 2550 locum
1428 2504 1487 2550 no·

311 2612 412 2673 strum
434 2604 677 2671 consideramus.
722 2602 800 2669 lnde
822 2606 880 2685 est,
907 2601 991 2687 quod
1012 2601 1123 2669 salutis
1145 2605 1269 2668 vestrae
1290 2600 1488 2687 prosperita·

310 2728 376 2790 tam
398 2741 523 2808 semper
544 2725 703 2807 optamus,
731 2718 868 2805 optando
891 2718 1120 2801 desideramus,
1143 2716 1349 2784 desiderando
1372 2736 1487 2783 exora·

310 2860 391 2905 mus.
411 2837 590 2905 salutantes
602 2836 708 2921 itaque
720 2834 943 2921 paternitatem
954 2840 1101 2919 vestram,
1113 2834 1486 2917 devotissimerogumns,

311 2959 362 3040 ut,
391 2956 420 3020 si
437 2954 534 3022 salva
556 2953 659 3037 gratia
680 2952 801 3018 domini
827 2952 929 3017 nostri
950 2950 1034 3035 regis
1056 2950 1193 3037 optineri
1213 2955 1333 3037 potest,
1361 2950 1403 3015 ad
1425 2970 1486 3016 uos

311 3071 414 3138 redire
429 3091 491 3138 nou
509 3069 664 3152 abnuatis,
688 3068 763 3154 quia
782 3073 849 3133 tam
871 3068 905 3134 in
926 3066 1113 3134 interiorum
1134 3086 1212 3133 cura
1233 3072 1265 3133 et
1287 3065 1487 3132 ordinatione

312 3208 407 3273 quam
428 3188 463 3253 in
486 3188 676 3254 exteriorum
692 3184 893 3271 providentia
908 3182 1077 3250 aecclesiae
1090 3189 1216 3249 vestrae
1230 3202 1269 3249 ac
1280 3181 1355 3249 liliis
1369 3183 1487 3249 vestris

312 3303 490 3370 neccssaria
512 3308 545 3370 et
565 3302 652 3368 utilis
668 3307 774 3368 vestra
796 3305 880 3367 esset
900 3300 1070 3386 presentia
1142 3299 1272 3367 luteum
1289 3305 1394 3365 autem
1408 3319 1486 3386 sup-

312 3419 482 3507 plicamus,
505 3425 542 3485 ut
564 3418 793 3505 querimoniam
814 3420 972 3499 nostram,
996 3436 1091 3501 quam
1113 3416 1228 3483 domno
1250 3416 1319 3501 regi
1338 3436 1398 3503 pro
1419 3416 1486 3482 illis

313 3537 352 3604 de
375 3531 582 3621 chgebach¹
604 3530 865 3618 transmisimus²,
891 3552 1077 3619 promovere
1099 3533 1285 3617 dignemini3
1315 3532 1399 3618 quia,
1421 3533 1486 3599 nisi

313 3653 455 3720 districte
478 3672 572 3739 super
594 3672 642 3737 ea,
666 3670 746 3737 quae
767 3651 833 3717 iarn
850 3648 986 3716 secundo
1002 3648 1169 3716 adversum
1182 3670 1240 3715 vos
1254 3656 1287 3716 et
1300 3649 1484 3716 aecclesiam

312 3774 451 3836 vestram
466 3756 737 3856 perpetraverunt,
760 3766 994 3851 coherceantur,
1012 3765 1114 3833 adhuc
1128 3766 1274 3849 graviora
1288 3766 1486 3832 committere

311 3905 376 3953 uon
398 3886 563 3952 timebunt.
639 3884 806 3951 Caeterum
828 3903 869 3949 ne
891 3883 1031 3949 animum
1052 3889 1203 3967 vestrm,
1225 3882 1398 3949 maioribus
1419 3882 1486 3948 for-

313 4003 397 4070 sitan
423 4002 562 4087 negociis
588 4001 762 4085 intentum,
792 4000 920 4067 scedula
942 3998 1067 4084 longior
1088 4004 1142 4065 aut
1168 3998 1323 4086 prolixior
1350 3998 1488 4085 epistola

312 4120 494 4204 honoraret,
517 4118 611 4185 fratri
631 4122 752 4202 vestro,
775 4117 899 4183 custodi
921 4116 1041 4183 scilicet
1063 4115 1247 4200 aecclesiae,
1269 4115 1392 4201 reliqna
1411 4134 1486 4183 nar-

312 4237 414 4303 randa
442 4235 684 4319 commisimus,
714 4253 734 4302 a
762 4253 823 4321 quo
851 4234 890 4301 de
917 4238 1003 4301 statu
1029 4253 1136 4300 rerum
1163 4237 1343 4300 nostrarum
1365 4236 1486 4301 ettam

385 4366 406 4399 ι.
427 4352 486 4400 admi
502 4372 515 4399 c

384 4432 409 4491 1.
428 4387 553 4488 Gouuiuo
571 4434 601 4488 et
618 4426 769 4485 Everardo.
842 4428 870 4484 2.
887 4427 921 4485 V.
935 4442 981 4501 ep.
992 4428 1054 4485 258.
