3117 4859
177 354 180 365 Ι
401 284 550 333 vrssnm
571 286 756 335 nemnonas
778 286 832 333 ιιι.
850 286 904 335 ιιι
1171 275 1237 341 295

71 424 195 511 quiden
211 423 294 491 ullus
309 426 419 495 doctus
435 431 468 493 et
481 426 631 495 honestus
645 425 739 495 iidem
754 430 991 498 accommodare
1003 429 1112 499 voluit
1158 433 1236 501 Οιιιιι
1255 440 1326 496 1149

71 541 110 607 ad
131 543 383 625 cognoscendum
411 543 489 611 haee
516 549 549 612 et
570 544 634 611 elia
655 545 804 631 quedam,
832 566 928 632 super
954 548 1067 633 quibus
1094 549 1128 615 in
1151 555 1183 617 te
1205 557 1239 617 ot

69 678 125 725 nos
148 663 218 725 tota
239 658 355 725 clamat
375 660 548 747 provincio,
571 662 743 729 secundum
761 663 900 751 priorem
920 665 1105 735 monosterii
1125 666 1237 750 nostri,

13 815 17 821 ·
68 775 201 843 oseem
223 775 368 843 videficet
388 776 556 863 lucenam,
578 777 737 846 Ersboroh
759 780 969 865 misissemus,
991 780 1106 849 instes
1128 802 1237 851 omnes

67 895 132 959 tum
153 891 298 959 illiterati
320 912 414 979 quam
433 892 576 979 litterati,
599 914 722 963 sorores
736 895 805 964 Deo
820 896 942 963 dimise
957 897 1125 985 etreliqua
1139 898 1237 967 cellae

66 1008 189 1075 familia
216 1027 345 1075 concors
374 1016 483 1077 contra
511 1016 543 1079 te
569 1010 711 1079 tulerunt
739 1013 970 1097 testimonium
998 1020 1048 1081 sot
1074 1020 1111 1081 tu
1131 1014 1235 1103 impu·

67 1124 188 1207 dentis,
212 1144 276 1211 qua
298 1144 405 1193 omues
427 1125 538 1211 vincis,
562 1127 681 1195 cunctis
703 1129 888 1215 resistebas,
910 1150 974 1197 non
996 1151 1071 1198 vera
1092 1130 1233 1215 dicendo,

66 1246 113 1307 set
134 1240 269 1325 singulis
292 1242 504 1309 conviciando.
538 1229 691 1329 lituum,
715 1246 864 1330 quoniam
885 1243 1003 1313 clamor
1024 1251 1098 1313 tuns
1120 1247 1234 1315 cotidie

66 1356 219 1441 escendit,
239 1359 444 1443 perverbum
466 1365 594 1429 sauctae
615 1360 811 1429 obedientiae
832 1361 892 1429 tibi
913 1362 1115 1449 precipimus,
1136 1368 1173 1431 ut
1195 1363 1235 1430 ab

64 1470 175 1539 alteris
204 1478 238 1541 et
263 1474 380 1543 missae
407 1474 508 1543 officio
537 1476 695 1545 abstineas
724 1482 756 1545 et
782 1482 820 1544 ut
844 1477 884 1544 de
906 1483 1041 1564 quatuor
1061 1478 1235 1565 parietibus

63 1588 196 1657 claustri
217 1610 347 1677 passum
367 1590 457 1678 pedis
480 1612 544 1660 non
563 1613 656 1659 eroes
672 1599 790 1661 etcum
805 1592 895 1661 laicis
909 1600 942 1661 et
956 1595 1149 1663 secularibus
1162 1616 1234 1682 per-

63 1707 149 1773 sonis
175 1706 365 1793 colloquium
386 1728 445 1795 por
461 1714 493 1775 te
507 1708 558 1775 uel
573 1729 631 1796 per
645 1709 834 1777 submissam
848 1730 1015 1797 personam
1029 1732 1093 1779 non
1107 1712 1235 1798 habeas,

64 1823 175 1908 donec,
191 1824 369 1892 obedientia
383 1830 415 1892 et
428 1824 606 1893 humilitate
620 1830 675 1893 tua
689 1827 825 1911 cogite,
842 1827 918 1913 quid
932 1828 1087 1913 agendum
1102 1828 1154 1914 sit,
1167 1827 1234 1896 Deo

63 1946 193 2009 auctore
215 1941 445 2028 provideamus.
481 1940 598 2019 Quodsi
619 1944 720 2009 nostri
740 1943 893 2028 mandeti,
916 1944 999 2029 quod
1019 1966 1060 2011 ex
1077 1946 1236 2013 communi

61 2057 201 2125 fratrum
223 2058 379 2125 sententia
400 2057 476 2125 tibi·
503 2058 711 2144 iniungimus,
740 2064 937 2147 contemptor
964 2066 996 2128 et
1022 2062 1235 2148 prevaricator

63 2174 219 2259 extiteris,
235 2174 316 2241 scias
331 2194 390 2261 pro
405 2180 501 2259 certo,
513 2194 638 2242 omnem
653 2175 749 2243 cellae
762 2172 866 2243 illius¹
877 2176 1103 2244 habitationem
1119 2182 1150 2243 et
1163 2177 1234 2245 red·

60 2290 141 2357 imm
164 2290 207 2357 sd
221 2310 278 2357 nos
294 2289 346 2357 vel
360 2292 543 2359 monasterii
557 2292 657 2359 nostri
674 2291 834 2359 domicilia
848 2291 925 2361 sibit
935 2293 1062 2379 penitus
1078 2294 1233 2361 interdici

64 2520 153 2593 174.
175 2523 333 2590 Widoldus
357 2523 585 2591 Cordeieamibres
607 2526 770 2617 siqnffisot,
793 2548 858 2591 sese
879 2522 920 2589 Η
937 2535 966 2591 et
986 2526 1025 2590 A.
1048 2526 1234 2591 minutatio-

176 2640 255 2705 utre
278 2640 507 2707 corbeiensibus
527 2642 663 2727 oratiam
686 2641 789 2707 delicti
801 2641 925 2727 fecisse.
1081 2638 1234 2722 (mles.)

149 2770 265 2839 Frater
286 2770 475 2855 Wlibaldus)
497 2771 558 2839 Dei
585 2772 689 2856 grstia
710 2771 909 2839 Gorboiensis
937 2773 1034 2841 abbas
1056 2772 1177 2839 dilectis
1199 2773 1235 2840 in
1253 2777 1323 2833 1149

61 2888 189 2957 Christo
216 2888 367 2955 iratribus
390 2892 422 2956 et
443 2886 517 2955 filiis
539 2887 778 2956 Gorboiensibus
800 2888 963 2956 monachis
985 2888 1234 2957 benedictionem

60 3011 92 3073 et
111 3006 216 3073 uitam
237 3024 336 3091 usque
358 3005 392 3073 iu
414 3003 563 3072 seculum.

152 3121 322 3189 Venientes
344 3121 385 3187 ed
405 3140 462 3187 nos
487 3120 654 3189 Stabnlsus
677 3120 899 3187 ministeriales
917 3120 1113 3188 corbeiensis
1137 3120 1234 3187 eoele-

61 3240 127 3307 sise
151 3237 192 3305 ll.
217 3242 250 3304 at
271 3238 322 3323 A„
349 3238 413 3324 qui,
435 3241 472 3304 ut
492 3239 602 3323 nostis,
627 3257 722 3324 equos
744 3243 870 3304 nostros
892 3236 976 3324 spud
998 3236 1163 3303 Gorbeiam
1184 3238 1233 3303 iu·

60 3356 122 3423 rati
145 3350 301 3437 sermo,
324 3374 358 3421 sc
380 3374 467 3420 more
489 3354 592 3438 gentis
614 3374 690 3421 suae
712 3354 886 3439 evaginatis
908 3353 1022 3437 gladiis
1044 3355 1079 3420 in
1093 3354 1233 3421 maximo

61 3470 174 3560 populi
195 3473 351 3537 conventu
372 3476 499 3539 nostrae
520 3471 753 3538 misericordias
775 3470 963 3539 dediderunt
983 3477 1016 3539 et
1037 3470 1127 3537 nobis
1149 3472 1234 3537 vitae

61 3588 211 3674 necisque
233 3607 309 3653 suoe
331 3591 518 3673 potestatem
539 3586 747 3655 tradidenmt.
779 3587 847 3666 Qua
868 3587 1047 3655 humilitate
1061 3585 1233 3655 etinsolito

62 3708 187 3773 ensium
214 3701 392 3791 spectaculo
420 3724 479 3771 nec
506 3724 569 3772 non
595 3702 703 3771 laboro
729 3702 881 3789 longioris
908 3705 994 3789 viae,
1023 3724 1119 3792 super
1146 3704 1233 3789 ipsos

62 3820 259 3905 miserando,
288 3820 424 3908 permoti
446 3818 649 3889 Stabulsnses
676 3822 777 3889 nostri
801 3826 869 3889 tem
888 3822 1019 3906 iratres,
1047 3819 1103 3906 qui
1124 3838 1232 3888 omnes

62 3938 95 4005 in
123 3936 257 4005 eodonis
283 3942 445 4024 presentes
472 3938 617 4023 ederant,
645 3958 740 4023 quam
761 3937 983 4005 ministeriales
1005 3936 1154 4005 ecclesiae
1175 3954 1231 4000 no-

63 4059 163 4139 strae,
193 4074 326 4140 quorum
352 4053 493 4121 maxima
519 4074 593 4140 pars
622 4054 685 4121 elia
706 4054 746 4121 do
768 4074 864 4122 censa
884 4055 926 4122 ed
946 4073 1003 4121 nos
1026 4072 1065 4119 ea
1085 4051 1136 4117 die
1157 4068 1232 4116 con·

63 4177 204 4256 uenerat,
226 4190 299 4238 cum
319 4171 441 4256 ingenti
462 4189 591 4257 precum
613 4170 766 4239 instantia
788 4170 872 4258 apud
893 4190 952 4238 nos
972 4168 1047 4235 licet
1067 4167 1183 4233 invitos
1199 4171 1232 4232 et

135 4328 156 4360 a
176 4312 219 4359 ess
236 4312 327 4360 asom
389 4313 411 4359 ι.
433 4312 476 4360 sss
493 4312 584 4359 assos

134 4402 160 4456 1.
178 4398 402 4473 lireabnrgensis.
474 4400 500 4457 2.
520 4399 590 4457 1148
606 4398 675 4457 Deo.
687 4399 730 4457 29.
749 4398 785 4455 V.
796 4414 841 4470 ep.
854 4398 905 4454 149
922 4411 1006 4467 supro
1021 4411 1051 4467 p.
1061 4395 1124 4453 230.
