3117 4859
335 228 416 295 1300
683 244 832 293 nissum
853 243 1041 293 seleucum
1062 243 1113 291 no.
1130 244 1182 292 iso.

262 394 331 517 1¹24?
349 388 462 455 dilecto
495 406 552 455 suo
580 386 752 455 venerabili
781 385 1008 472 Ohorbegensis
1041 386 1209 455 ecclesiis
1241 386 1349 455 eom
1380 388 1499 472 namn

317 503 323 515 '
349 525 439 572 suem
461 509 493 571 et
515 524 607 571 omne
630 504 754 573 bonum.

307 690 311 697 ,
437 620 518 701 Quis
542 622 625 689 inter
654 622 817 688 universos
844 621 935 705 regni
961 620 1062 688 nostri
1087 619 1246 708 principes
1267 620 1376 689 nuilus
1396 628 1443 690 est
1459 643 1501 690 re

347 744 473 827 pertus,
503 740 558 826 qui
585 736 704 805 fidelis·
732 737 784 805 vel
810 737 901 805 nobis
930 736 982 805 uel
1006 735 1071 804 filio
1099 742 1206 803 nostro
1235 758 1414 826 proposse
1440 745 1502 807 tuo·

347 864 421 946 post
448 856 620 924 discessum
642 859 787 924 nostrum
809 854 959 938 estiterit,
989 852 1166 941 specialiter
1187 852 1333 923 deenen
1355 860 1428 924 tuse
1445 861 1503 924 tnn

347 974 439 1041 fectis
468 994 563 1060 quum
584 972 688 1040 uerbis
718 975 824 1056 grates
852 970 971 1039 referre
995 969 1196 1038 intendimus.
1242 969 1330 1039 Scire
1355 973 1504 1059 itaquete

348 1089 502 1175 volumus,
526 1109 619 1157 senos
642 1093 674 1155 et
696 1086 930 1155 benevolentes
951 1087 987 1153 in
1008 1085 1504 1174 ocnvapenteoostoe¹1temto

346 1227 421 1275 uem
443 1206 634 1294 pervenisse,
658 1205 733 1291 quin
754 1205 789 1272 id
811 1203 949 1271 maxime
970 1208 1003 1271 te
1025 1204 1203 1272 desiderare
1224 1206 1441 1289 cognovimus

350 1438 436 1510 180.
454 1438 612 1506 Wteatdoe
635 1437 812 1503 Gonrudsun
827 1432 883 1500 III
897 1458 1000 1523 repom
1020 1437 1054 1501 io
1074 1434 1274 1501 Germaniam
1294 1461 1452 1503 reuersum
1470 1440 1507 1503 od

458 1578 507 1621 res
530 1555 666 1621 uelociter
685 1552 839 1640 perendoe
859 1550 1008 1618 hortatur.
1038 1550 1218 1617 Heindoom
1238 1555 1419 1641 episowm
1432 1554 1506 1620 ne

458 1672 580 1737 deessem
602 1671 641 1735 de
661 1670 785 1735 iniuriis
805 1669 865 1733 eidi
885 1668 979 1733 illotis
1000 1680 1131 1733 comat.
1351 1667 1409 1749 (M.
1430 1671 1506 1751 163.)

258 1815 328 1871 1149
435 1802 545 1871 Inclito
568 1802 791 1889 tuiumphntcri
813 1798 914 1867 dDeo
936 1806 1083 1867 coronato
1105 1806 1138 1868 et
1158 1801 1296 1868 exultate
1312 1804 1506 1870 serenissimo

268 1888 316 1936 Μ’
347 1922 473 1989 domino
507 1940 564 1987 suo
592 1918 761 2002 G(0nredo)
789 1916 1002 1983 &manorum
1033 1918 1217 2004 imperatori
1249 1924 1383 2003 suguste
1418 1920 1507 1987 iustu

345 2036 534 2119 Wtibeldus)
557 2036 618 2103 Dei
645 2041 677 2104 et
698 2039 805 2102 vestra
826 2035 928 2118 gretie
948 2034 983 2100 id
1004 2033 1087 2119 quod
1108 2040 1158 2101 est
1177 2034 1211 2101 in
1233 2034 1386 2103 aecclesie
1408 2037 1506 2105 cuttu

344 2155 416 2239 lios,
439 2152 572 2220 salutem
595 2153 628 2219 in
650 2171 697 2237 eo,
722 2152 776 2237 qui
799 2151 854 2217 dst
875 2150 1008 2217 sulutem
1029 2145 1183 2234 regibus'.

435 2268 524 2336 Sicut
544 2268 718 2336 infidelium
740 2274 862 2336 mentes
881 2267 921 2334 de
934 2267 1093 2353 insperato
1108 2267 1244 2335 adventu
1258 2273 1365 2335 vestro
1379 2270 1508 2336 nimium

344 2391 560 2455 consternatae
589 2392 678 2471 sunt,
707 2386 753 2452 its
778 2383 920 2452 fidelium
940 2388 1114 2451 vestrorum
1138 2384 1236 2451 enimi
1257 2390 1345 2452 tento
1368 2386 1506 2455 coelestis

343 2505 483 2571 muneris
505 2502 656 2571 beneficio
679 2502 850 2590 plurimum
872 2507 947 2567 sunt
967 2500 1142 2567 exhilursti
1175 2501 1213 2568 In
1233 2522 1368 2588 quorum
1381 2523 1507 2571 nummo
1551 2571 1552 2594 ξ

343 2626 452 2688 nostra
473 2621 614 2707 parvitas
636 2638 700 2687 non
722 2618 869 2686 inmerito
892 2622 1062 2702 aggregate
1081 2623 1169 2684 tanto
1191 2617 1314 2685 exultet
1328 2620 1456 2705 gaudio,
1476 2626 1507 2685 ut
1551 2685 1552 2688 ,

344 2758 414 2806 oum
437 2736 616 2825 patriarche
638 2735 730 2803 Iacob
752 2736 856 2802 dicere
877 2736 1048 2821 possimus:
1078 2735 1204 2821 Sosfia‘e
1224 2736 1319 2816 miti,
1345 2738 1507 2803 cedma

343 2857 452 2923 videbo
480 2856 641 2921 <iconicum
669 2848 797 2919 mesenu'.
847 2851 890 2917 Et
917 2871 975 2917 nos
1002 2850 1143 2937 quidem,
1173 2852 1227 2937 qui
1253 2872 1379 2939 semper
1407 2853 1506 2919 animo
1551 2837 1552 2844 ἵ

345 2977 376 3039 et
404 2972 543 3037 oratione
574 2975 667 3055 etque
694 2968 755 3035 fide
784 2968 944 3035 vobiscum
972 2967 1105 3051 fuimns,
1132 2967 1197 3034 ism
1224 2968 1358 3056 inipso
1386 2970 1505 3057 imperii

345 3088 442 3155 vestri
464 3088 608 3172 ingressu
630 3083 787 3173 corporali
808 3083 969 3171 presentis
990 3084 1077 3151 vobis
1099 3084 1352 3170 monuissemus,
1375 3086 1438 3153 nisi
1458 3106 1505 3152 rs

343 3204 437 3292 pinse
465 3208 498 3269 et
518 3203 663 3269 incendia
684 3202 850 3269 cotidianis
871 3201 1028 3287 pressuris
1049 3199 1287 3284 Lothsringinm
1308 3207 1342 3268 ot
1362 3202 1505 3290 precipue

343 3321 493 3386 miserem
507 3318 712 3386 Arduennam
729 3316 932 3398 afflictarent3
955 3317 989 3383 iu
1011 3336 1074 3403 qua
1094 3318 1291 3384 miseriarum
1309 3317 1505 3387 dimicatione

342 3442 493 3522 tanquam
514 3436 548 3501 in
571 3436 637 3507 scie
659 3436 833 3503 succinctos
856 3433 968 3500 acerba
981 3435 1151 3501 necessitas
1165 3454 1224 3501 uos
1238 3440 1324 3502 stete
1338 3436 1503 3524 compellit

342 3552 385 3619 Et
412 3553 559 3637 quonism
586 3552 777 3619 desideranti
799 3571 855 3617 ves
883 3556 916 3617 et
942 3551 1008 3617 ism
1029 3550 1095 3617 fere
1117 3550 1237 3617 lebenti
1257 3552 1382 3638 potuine
1404 3554 1504 3621 divine

274 3726 278 3734 ,
343 3669 444 3757 pietas
466 3687 578 3734 senum
601 3673 633 3735 et
653 3667 842 3736 incolumem
862 3668 1011 3754 restitnit,
1037 3668 1188 3754 porrigite
1209 3668 1382 3737 solutorem
1402 3671 1503 3737 dexto

342 3806 412 3853 rum
442 3784 616 3871 oppressis,
646 3785 806 3853 sublevate
833 3784 985 3872 pupillos,
1013 3784 1170 3852 defendite
1191 3786 1319 3870 viduos,
1346 3787 1502 3855 subvenite

342 3901 512 3969 catholicae
534 3900 712 3986 aecclesiae,
740 3901 823 3988 quod
844 3907 933 3969 tento
954 3921 1038 3969 nunc
1059 3902 1218 3989 potentius
1241 3908 1335 3989 etque
1356 3903 1500 3972 efficatius

342 4017 498 4105 complere
520 4019 682 4105 poteritis,
706 4024 822 4106 quanto
845 4018 1062 4086 excellentiam
1084 4024 1223 4087 vestrsm
1244 4020 1388 4089 coelestis
1409 4021 1499 4088 maie·

342 4140 407 4201 stus
429 4134 625 4203 mirabilibus
648 4141 680 4203 et
701 4136 872 4223 inopinatis
894 4135 1062 4225 triumphis
1084 4156 1142 4223 per
1162 4138 1362 4206 incredibiles
1384 4138 1497 4205 luteres

414 4288 434 4323 ι
454 4280 489 4325 cic
504 4278 556 4325 cod.

415 4362 437 4415 1.
458 4361 526 4419 1149
543 4364 663 4420 suco.
733 4364 760 4420 n.
778 4364 825 4421 Pe.
838 4364 898 4435 ne,
911 4364 953 4421 ιο.
1024 4365 1250 4436 eentum.
