3117 4859
399 283 549 332 wmsnnr
568 283 754 334 :annom
775 283 830 334 ssa
845 285 900 334 ur.
1167 269 1233 338 tas

52 419 184 508 Apulia
206 423 447 492 exterminatam
469 445 539 494 esse
559 427 780 514 comperimus,
802 425 997 514 principibus
1019 425 1166 494 duximus
1182 448 1233 496 re-
1251 435 1319 490 lltt

51 535 250 622 laxandam
271 539 336 608 iilis
349 541 516 630 specialius
530 543 768 612 neomsiutibus
783 542 991 627 intendentes,
1006 542 1120 628 quibus
1133 542 1233 612 honor
1252 507 1319 556 ω
1360 591 1366 600 1

52 653 192 742 imperii
218 656 319 741 magis
342 659 530 744 opprimitur
552 664 584 727 et
606 679 683 746 quae
706 659 841 746 amplius
863 658 1061 726 dissimulare
1082 678 1154 726 cum
1176 660 1233 728 ho-

51 789 141 836 nore
162 774 271 838 nestro
293 793 351 840 neo
364 793 530 862 possumus
550 795 609 844 neo
626 775 789 844 debemus:
810 774 1054 844 Mediolanensis
1068 775 1234 844 dumtaxat

51 887 174 973 populi
195 889 376 977 superbiam
391 911 428 958 ac
441 893 661 976 temeritatem,
685 913 747 979 qua
762 891 931 960 aecclesiae
945 896 978 960 et
991 892 1134 961 civitotes
1148 891 1234 960 Lon-

51 1001 203 1089 barda,
226 1005 308 1073 nont
330 1007 447 1095 optime
468 1008 563 1093 nost,
585 1008 758 1092 multifarie
779 1009 958 1076 decunctae
978 1013 1054 1075 sunt
1070 1014 1104 1076 et
1116 1008 1233 1078 cotidie

52 1118 101 1186 ad
133 1121 356 1190 contumeliam
382 1123 509 1212 imperii
535 1124 746 1192 destruuntur.
793 1124 932 1205 Quorum
956 1125 1146 1194 intcmiones
1168 1125 1232 1192 nisi

50 1240 173 1308 nostra
187 1239 329 1323 potentia
338 1240 433 1309 celeri
443 1241 560 1308 virtute
570 1242 743 1329 preveniat,
756 1243 883 1326 gravior
891 1241 966 1308 inde
975 1241 1109 1328 imperio
1120 1241 1232 1309 horror

52 1358 211 1438 emerget.
242 1354 319 1433 lude
335 1361 393 1442 ost,
409 1357 493 1444 quod
507 1358 541 1426 in
562 1357 613 1425 die
631 1357 813 1426 Palmarum
826 1357 927 1426 Fulde
942 1378 981 1426 ex
998 1357 1128 1426 consilio
1142 1358 1231 1444 prin·
1248 1370 1354 1420 mss

52 1469 169 1555 cipum
184 1471 417 1558 expeditionem
430 1473 602 1541 indiximus
613 1472 836 1559 Mediolanum,
848 1475 1024 1562 tproxima
1034 1473 1231 1562 vigilimen·

52 1589 203 1654 tecosteu
220 1587 328 1654 futura
344 1609 443 1677 usque
464 1610 581 1656 annum
589 1585 607 1675 ¹,
631 1589 722 1670 Ulmo
735 1591 991 1679 promovendam
1020 1590 1121 1671 Quam
1135 1610 1231 1678 expe·

53 1701 215 1771 ditionem
229 1704 414 1791 prudentiae
427 1709 501 1774 tuae
515 1707 573 1774 sub
588 1706 719 1776 obtentu
734 1707 856 1792 gratioe
868 1712 1012 1776 nostrae·
1027 1707 1229 1792 iniungimus.

150 1817 319 1905 Rogamus,
340 1825 387 1906 ut,
406 1821 488 1890 sicut
501 1827 645 1890 nostrum
660 1822 800 1908 sigillum
813 1824 1011 1892 convenienti
1026 1823 1232 1911 dispositione

53 1934 98 2002 de
122 1939 178 2003 tuo
201 1937 331 2004 arbitrio
354 1938 517 2024 ordinasti,
540 1940 586 2007 ita
608 1939 704 2008 etiarn
726 1939 872 2009 dominae
892 1935 984 2008 tuae¹
1007 1940 1147 2026 sigillum
1162 1941 1232 2008 sine

52 2071 150 2118 mora
172 2053 298 2122 studens
319 2054 490 2124 Marmara
512 2061 544 2124 et
565 2056 607 2124 ad
627 2077 685 2126 nos
703 2056 899 2146 Aquisgrani
919 2056 1095 2146 sculptumb
1118 2055 1232 2126 uffan

54 2171 91 2236 et
114 2167 195 2236 bene
215 2169 358 2257 politum.

541 2259 752 2274 ὴ

55 2406 151 2478 457.
174 2411 346 2478 canonum
365 2413 519 2500 reponat
539 2413 573 2480 s.
586 2397 714 2501 repro
729 2413 908 2481 teocam
919 2411 1060 2479 Woauo
1078 2413 1232 2499 marm

172 2530 364 2616 mentones
379 2530 538 2616 proposit.
1069 2524 1124 2608 (it
1140 2525 1230 2609 372.)

149 2658 273 2726 Domno
289 2659 477 2743 Gwi(baldo)
501 2659 628 2746 quidam
645 2679 720 2726 suus
735 2660 872 2743 gratiam
885 2660 956 2745 Dei,
978 2659 1153 2728 custodiam
1168 2659 1227 2726 sui
1280 2673 1348 2730 115⁷

147 2773 331 2862 Apostolice
353 2776 548 2864 sapientibus
572 2781 604 2843 et
625 2776 846 2862 insipientibus
869 2776 992 2844 debitor
1014 2771 1117 2844 estis⁸.
1150 2775 1230 2844 Mihi
1245 2745 1311 2795 Μ’
1323 2749 1378 2808 ⁸⁹¹·

55 2893 156 2976 igitur
170 2893 332 2981 insipienti
346 2899 508 2980 tamquam
523 2891 644 2960 debitor
658 2892 850 2979 respondere
864 2893 1044 2977 dignemini.
1094 2892 1230 2972 Quidam

56 3009 183 3094 dicunt,
207 3010 348 3078 ordinem
370 3014 599 3078 nostrumnon
622 3009 734 3078 debere
757 3008 904 3077 abbatem
924 3009 1050 3094 habere,
1073 3008 1229 3094 quiahoc

55 3125 253 3209 Augusu'nus
281 3147 347 3194 non
373 3127 550 3209 constituit;
579 3129 611 3193 et
637 3145 804 3194 conversos
828 3145 886 3192 nos
910 3145 995 3208 esse3
1023 3129 1056 3192 et
1076 3125 1148 3193 ideo
1170 3145 1230 3192 neo

57 3241 187 3308 clericos
209 3262 267 3310 nec
288 3242 457 3310 monachos
480 3243 543 3310 dici
564 3242 686 3311 debere.
717 3243 777 3322 Qui
799 3242 859 3310 hoc
880 3241 998 3326 dicunt,
1020 3261 1084 3309 non
1101 3262 1135 3310 se
1150 3243 1228 3311 satis

58 3357 241 3426 discernam
263 3363 295 3427 et
321 3359 404 3445 quod
425 3360 535 3427 beatus
557 3358 745 3437 Benedictus
768 3395 810 3405 —
834 3359 889 3444 qui
915 3358 1091 3445 simplicem
1118 3359 1229 3446 poeni·

57 3475 191 3542 tentim
218 3475 357 3543 instituit
383 3475 544 3542 monachis
571 3494 630 3542 nec
652 3474 798 3542 baculum
818 3474 1010 3562 pastoralem
1032 3494 1091 3543 nec
1111 3475 1228 3560 gradus

59 3591 303 3660 aecclesiasticos
327 3627 369 3638 -
392 3592 520 3679 scripsit
542 3590 597 3658 eis.
644 3589 762 3676 Quare,
789 3592 818 3658 si
840 3592 880 3659 ab
902 3590 1053 3659 aecclesia
1075 3591 1229 3676 quaedam

61 3707 233 3794 accipiunt,
262 3707 301 3775 ab
330 3707 440 3776 eadem
463 3707 617 3795 quaedam
638 3727 696 3774 nos
719 3707 861 3793 campere
881 3707 1014 3777 nolunt?
1059 3705 1149 3786 Quod
1169 3725 1227 3774 nos

59 3841 224 3891 conversos
248 3823 426 3911 appellant,
453 3823 487 3890 in
508 3824 577 3908 hoc,
601 3821 700 3890 velint
721 3821 840 3908 nolint,
863 3822 1014 3911 apostolis
1037 3822 1227 3908 consociant,

61 3939 115 4026 qui
139 3940 281 4008 conversi
307 3944 382 4007 sunt
409 3939 450 4008 ud
470 3939 657 4021 Dominum
685 3939 720 4006 in
741 3938 801 4006 hoc
821 3939 1043 4008 nichilominus
1065 3937 1227 4006 monachis

60 4075 116 4123 nos
143 4057 351 4141 coniungrmt‚
379 4056 433 4143 qui
462 4054 608 4122 similiter
629 4059 854 4122 convertuntur
876 4055 918 4122 ad
938 4055 1120 4122 Dominum.
1166 4052 1228 4134 Qui

130 4218 261 4265 ancittae
278 4217 370 4264 addidi.
431 4215 453 4262 b.
469 4217 575 4277 scriptum
590 4216 643 4264 aad.
1091 4231 1094 4236 ·

129 4304 153 4358 1.
171 4303 227 4358 ie.
245 4302 274 4358 in
291 4301 364 4358 diem
383 4303 398 4358 7
417 4303 487 4358 Iunii
506 4302 584 4359 115&
655 4304 681 4359 2.
698 4299 833 4358 Beatrids
843 4300 1031 4372 imperatricis.
1101 4301 1129 4358 d.
1146 4301 1226 4358 Rom.

62 4393 87 4465 1,
105 4391 145 4448 nc
