3117 4859
428 318 578 367 wmsum
599 316 764 367 renuens
787 316 839 363 rm.
1151 298 1217 369 253

56 466 135 528 tem
162 464 269 527 autem
297 458 500 529 continebant
525 460 713 549 peticionem
735 466 768 529 et
790 460 967 527 suasionem
989 458 1219 549 archiepiscopi
1236 468 1305 523 1143

56 578 90 644 de
111 576 254 661 eligendo
276 578 310 643 in
334 578 478 645 abbatem
500 578 599 645 fratre
621 578 760 662 comitis,
787 582 947 664 postremo
969 576 1066 645 etiarn
1088 578 1218 644 commi·
1234 542 1307 589 ¹⁸²¹

5 742 6 779 3
54 694 209 760 ustionem
233 694 400 780 quandam,
424 696 452 761 si
474 694 623 781 peticioni
645 695 712 761 eius
735 696 769 761 iu
792 695 902 762 eadem
918 714 1054 781 persona
1067 713 1132 760 nou
1146 714 1219 781 pre-

5 834 6 839 *
54 810 193 878 beremae
222 830 401 877 assensum:
443 812 484 879 St
516 811 620 897 inquit
653 836 722 879 eum
754 834 819 877 non
853 813 1004 900 sceqer-iot
1036 825 1065 879 et
1097 814 1220 878 auersi

55 930 173 1015 aliquid
196 952 234 994 ec
257 930 314 995 doc
331 930 526 1015 provenerit,
554 950 654 1016 raeque
674 932 828 1015 iniquitas
849 952 919 995 osea
938 952 1039 1016 neque
1055 942 1219 1016 peccabam

54 1068 156 1111 merua
197 1042 310 1129 Legati
339 1049 484 1131 preterea
510 1044 610 1130 ipsius
640 1044 794 1130 quaedam
821 1045 973 1112 immania
999 1044 1218 1131 loquebantur,

54 1161 290 1245 comminantes,
319 1161 347 1227 si
375 1160 473 1227 alius·
496 1160 612 1228 electus
638 1160 734 1246 foret,
765 1161 927 1228 dominum
949 1182 1042 1229 suum
1064 1160 1219 1248 archiepi-

54 1298 193 1365 scopum,
223 1298 263 1345 ne
285 1282 534 1362 consecraretur,
565 1277 813 1365 prohibiturum,
836 1278 972 1364 denique
992 1279 1028 1345 in
1049 1282 1219 1367 conspectu

54 1394 155 1461 domni
176 1414 282 1482 papae
304 1414 377 1461 eum
398 1394 489 1462 nobis
512 1394 759 1461 adversaturum
827 1395 924 1463 Venit
945 1414 1019 1480 ergo
1035 1396 1113 1480 dies,
1136 1414 1218 1478 cum,

54 1510 131 1577 iacta
164 1511 338 1579 secundum
368 1510 537 1579 eecclesiae
565 1512 824 1579 consuetudinem
852 1511 996 1579 sollemni
1022 1512 1220 1578 invocatione

55 1626 187 1714 Spiritus
217 1628 333 1712 saneti,
370 1628 410 1694 ad
438 1627 616 1713 eligendum
642 1632 767 1715 patrem
795 1633 828 1695 et
855 1634 1015 1715 pastorem
1043 1628 1220 1695 animarum

55 1748 230 1811 nostrarum
251 1745 286 1811 iu
308 1742 446 1831 capitulo
469 1744 676 1811 consedimus.
768 1743 880 1811 (lomes
902 1764 977 1812 uero
999 1766 1097 1833 supra
1117 1745 1220 1811 nomi·

54 1866 140 1927 natm
169 1861 211 1928 de
238 1861 451 1948 promovendo
478 1862 576 1929 tratre
605 1880 661 1928 suo
689 1860 842 1928 sollicitus
870 1866 948 1928 erat
982 1860 1073 1929 Unde
1100 1866 1132 1930 et
1154 1882 1220 1929 am·

5 1970 6 1987 ³
55 1976 161 2045 blenda
184 1976 371 2062 singillatim
393 1998 511 2062 omnes,
539 1978 592 2063 qui
616 1977 806 2045 desiderium
828 1998 920 2044 suum
941 1998 1128 2066 promovere
1148 1984 1221 2067 pot—

55 2100 147 2179 erant,
171 2114 233 2182 per
254 2114 288 2162 se
311 2099 343 2161 et
364 2115 421 2182 per
443 2100 579 2161 secretos
602 2094 732 2161 nuncios
753 2094 968 2181 conueniebat,
992 2100 1025 2163 et
1039 2095 1136 2163 elium
1151 2096 1221 2182 qui·

5 2200 6 2229 ¹
56 2210 120 2277 dem
148 2211 380 2297 suasionibusl,
414 2210 511 2278 abum
539 2210 711 2279 temonibus
740 2210 780 2277 ed
809 2210 993 2278 electionem
1022 2212 1219 2280 sollicitabat.

56 2326 129 2395 llam
162 2334 197 2395 et
223 2328 384 2416 preposito
412 2332 520 2395 nostro
550 2347 607 2414 per
634 2327 806 2395 familiares
834 2328 961 2395 nuntios
990 2328 1049 2397 sub
1077 2328 1221 2413 diligenti

56 2444 307 2512 interminatione
328 2446 376 2511 ite
396 2444 556 2533 pollicitus
579 2451 637 2530 est,
661 2446 754 2531 quod,
777 2444 1006 2528 sielectiouem
1022 2445 1131 2512 fratris
1154 2445 1221 2511 sui’

57 2560 213 2649 ineliquo
235 2561 414 2649 impediret,
438 2563 523 2628 omni
545 2561 663 2629 bonore
686 2581 758 2627 eum
779 2561 814 2627 in
838 2561 989 2628 aecclesia
1008 2566 1117 2628 nostre
1130 2581 1221 2649 pror-

58 2696 104 2745 sus
130 2678 277 2745 nudaret.
368 2678 447 2746 Cum
474 2680 571 2764 igitur
600 2679 639 2746 de
666 2676 828 2745 voluntate
855 2676 979 2743 comitis
1005 2677 1038 2743 in
1060 2676 1221 2765 publicum

58 2792 168 2863 dutum
191 2795 319 2879 fuisset,
352 2796 532 2882 etquidem
555 2796 594 2863 de
615 2794 766 2862 fratribus
789 2792 902 2880 repleti
924 2794 1039 2881 spiritu
1060 2794 1122 2861 Dei
1142 2795 1222 2861 resi·

58 2914 170 2979 sterent
205 2916 238 2979 et
263 2930 374 2978 musas
407 2912 664 2980 contradictionis
695 2930 770 2978 suae
797 2908 914 2977 multas
943 2916 976 2977 et
1001 2911 1222 2979 convenientes

58 3028 285 3097 adderent-
309 3031 375 3100 siue
398 3031 480 3117 quod
500 3028 661 3118 predictus
676 3026 854 3112 Heinricus,
877 3046 971 3113 quem
993 3026 1109 3112 eligere
1130 3048 1222 3113 eoge-

6 3192 7 3229 3
59 3144 176 3231 bantur,
200 3146 283 3213 infra
305 3166 404 3214 annos
427 3151 525 3229 esset3
549 3147 615 3214 sive
634 3146 717 3233 quod
734 3164 815 3233 pene
829 3139 997 3211 illiteratus
1011 3144 1104 3211 buius
1119 3144 1222 3229 digni-

6 3270 7 3277 ’
59 3263 126 3329 tatis
149 3261 288 3330 officium
311 3264 406 3331 verbo
430 3268 461 3330 et
484 3262 626 3330 doctrina
647 3263 777 3329 minime
796 3262 1028 3329 amministrare
1049 3260 1221 3344 sufficeret3

60 3378 119 3446 sive
141 3380 243 3467 quod,
271 3380 363 3467 inops
386 3380 510 3447 consilii
532 3384 564 3445 et
588 3378 685 3445 totius
707 3378 909 3466 prudentiae,
938 3397 1040 3464 neque
1061 3398 1096 3446 se
1117 3378 1224 3466 ipsum

61 3514 153 3581 neque
181 3516 250 3565 rem
272 3502 339 3564 tam
362 3497 512 3581 grandem
535 3496 709 3581 gubernare
730 3495 782 3562 vel
802 3515 913 3579 regere
933 3494 1126 3583 prevaleret3
1156 3495 1224 3562 sive

62 3612 128 3696 quie
147 3613 279 3681 libertas
302 3618 335 3681 et
357 3613 432 3681 ordo
455 3612 610 3698 regularis
633 3610 794 3680 electionis
816 3612 981 3678 innostra
1001 3610 1152 3679 aecclesia
1165 3630 1224 3698 per

63 3746 126 3794 eum
147 3734 272 3797 cassata
294 3730 462 3815 videretur,
486 3731 540 3816 qai
562 3732 692 3817 propter
714 3729 862 3795 timorem
882 3729 991 3795 suebis
1012 3728 1112 3813 magis
1128 3746 1223 3813 quam

62 3852 199 3933 respectu
212 3846 274 3914 Dei
289 3850 322 3913 et
336 3846 509 3913 eommunis
528 3845 674 3913 utilitatis
691 3850 902 3912 assumeretur
917 3882 959 3893 -
975 3864 1047 3911 cum
1061 3844 1152 3929 tales,
1174 3844 1224 3909 in·

63 3980 159 4048 quem,
182 3964 393 4031 excusationis
414 3982 527 4031 causae
542 3966 783 4050 exponerentur,
807 3980 922 4047 cemes,
946 3962 1000 4047 qui
1015 3980 1086 4028 cum
1100 3964 1225 4027 armate

64 4096 150 4145 mauu
172 4080 335 4149 nobiscum
356 4080 391 4146 iu
408 4078 545 4168 capitulo
560 4078 698 4163 sedebat,
723 4078 872 4146 adversus
888 4098 952 4163 eos,
976 4078 1031 4165 qui
1044 4076 1224 4143 huiusmodi

64 4189 277 4283 loquebantur,
306 4196 405 4264 multo
430 4197 535 4264 furore
558 4200 591 4263 et
612 4196 661 4263 ira
682 4216 799 4281 magua
820 4194 1015 4262 efferebatur.
1050 4192 1170 4272 Quibus
1191 4196 1225 4259 et

129 4386 148 4421 ι.
168 4376 225 4423 alius
246 4377 384 4424 addiderunt
401 4380 502 4425 Manena
524 4385 545 4422 rt
564 4376 669 4423 Duruud.
730 4374 752 4421 b.
773 4376 842 4422 alium
863 4372 1007 4421 suasionibus
1028 4374 1103 4419 beas·
1126 4372 1184 4419 edd
1204 4389 1224 4420 c.

67 4462 84 4497 (ι
98 4455 142 4501 ml!
157 4474 177 4503 e.
