3117 4859
463 295 613 344 wunsam
634 294 801 344 samsona
822 295 875 342 roo.
1000 337 1004 346 .
1188 281 1256 349 533

75 437 271 526 amptoriao,
306 441 355 506 set
377 436 484 526 potius
516 439 557 506 de
582 438 705 506 fundis:
741 437 890 506 videlieet
916 437 956 505 de
982 436 1188 524 molendinis,
1215 440 1255 510 de
1278 448 1350 504 noa

74 555 267 643 paludibus,
290 555 329 622 de
351 557 562 644 eompasouis,
586 556 624 624 de
646 555 873 623 hereditatibus
896 559 929 622 et
949 554 1167 642 patrimoniis3
1196 577 1255 643 pro
1272 522 1313 571 Μ’
1326 522 1357 572 ²⁵

75 671 197 758 quibus
220 671 387 740 adversum
410 693 445 740 se
465 671 634 758 litigabant
655 671 752 740 rilliei
780 671 922 760 episcopi
949 677 982 738 et
1007 669 1107 740 villioi
1124 668 1256 740 'eanoni-

75 781 199 856 eornm¹
215 793 247 857 et
268 789 397 874 quidam
419 788 525 858 olerioi
548 796 657 858 eontra
671 788 825 877 quosdam
843 787 950 856 laioos.
985 788 1066 856 Erat
1078 788 1158 857 haeo
1171 808 1256 858 oom-

75 907 182 974 motio
204 906 298 993 paulo
320 905 458 974 inflatior
481 907 631 976 adversus
654 908 854 995 episcopum,
880 925 937 992 pro
960 925 998 971 eo
1020 906 1105 992 qnod
1125 906 1161 972 in
1181 924 1256 974 oon·

74 1021 157 1089 silio
185 1021 364 1091 Coloniensi
394 1025 624 1092 aoonsationem
653 1044 725 1091 oum
755 1023 846 1108 graui
872 1020 1001 1110 repulsa
1034 1023 1228 1090 sushnuerat
1235 1019 1255 1111 ¹,

74 1138 170 1206 nullo
192 1143 310 1225 muron,
333 1145 485 1226 quantum
507 1141 699 1229 perserutari
720 1141 900 1229 potuimus,
922 1139 958 1204 in
978 1142 1105 1206 tantm
1125 1160 1254 1227 progre-

74 1257 198 1342 diente,
220 1261 257 1324 ut
277 1255 363 1324 illius
385 1255 502 1326 eeoati'
524 1258 620 1326 verbo
644 1263 676 1325 et
698 1256 900 1342 aeousationi,
922 1254 974 1322 vol
997 1255 1093 1322 etiam
1108 1256 1255 1343 querelae

73 1369 232 1458 walderi
253 1373 318 1441 ullo
340 1375 509 1462 patrocinii
531 1375 582 1444 vel
603 1374 778 1444 testimonii
799 1373 894 1440 modo
916 1371 1013 1440 vellet
1035 1373 1191 1441 assistere

172 1489 333 1577 Siquidem
366 1492 400 1558 in
435 1492 544 1560 eadem
577 1491 820 1579 sollempnitatis
853 1489 1065 1558 celebratione
1093 1489 1254 1577 predictos

76 1608 247 1695 episeopus
269 1607 394 1695 pubhoe
416 1609 451 1676 in
471 1608 595 1697 pulpito
625 1607 793 1676 aeoolesiae
815 1607 1019 1675 denunoiauit
1040 1607 1254 1674 exeommuni-

75 1730 169 1792 oatos
192 1743 276 1808 osso,
305 1729 338 1792 et
360 1725 568 1794 anathematis
592 1725 781 1794 sententiam
803 1723 937 1812 protulit
958 1725 993 1790 in
1015 1743 1086 1809 eos,
1115 1724 1169 1809 qui
1192 1723 1254 1792 ole-

74 1840 183 1909 rioum
211 1847 395 1917 oeoarerant
421 1842 473 1910 vel
501 1863 630 1931 operam
659 1841 784 1911 oonsilii
809 1841 861 1911 uel
884 1839 996 1908 auxilii
1017 1841 1053 1908 in
1074 1839 1134 1908 hoo
1155 1839 1254 1909 male-

73 1955 148 2027 fitio
171 1957 387 2027 adhibuerant

171 2073 323 2142 Omnibus
346 2076 452 2162 itaque
475 2096 515 2143 ex
536 2075 642 2143 divino
658 2073 809 2144 beneficio
823 2075 859 2143 in
873 2073 1072 2142 oonoordiam
1087 2073 1254 2162 reuocatis,

74 2191 304 2279 temptavimus
333 2193 429 2260 etiam
447 2190 595 2261 Waldero
623 2192 672 2260 illi
699 2193 906 2280 pertinatiam
933 2212 1024 2259 suam
1049 2190 1085 2258 in
1114 2191 1255 2281 episoopi

75 2309 247 2378 vexatione
275 2308 473 2394 dissuader03
508 2315 556 2378 set
583 2316 615 2378 et
641 2311 711 2399 ipse
739 2309 849 2376 multis
878 2308 1078 2376 audientibus
1106 2308 1253 2394 asseruit

76 2427 165 2513 quod
185 2423 248 2493 fide
270 2425 345 2493 data
366 2431 450 2494 esset
471 2427 491 2493 t
512 2426 601 2495 vobis
623 2426 811 2513 prohibitus,
834 2445 874 2493 ne
888 2445 1000 2513 paoem
1015 2444 1088 2492 oum
1109 2423 1180 2512 ipso
1201 2445 1253 2492 re·

74 2543 240 2612 formaret
286 2541 375 2622 Quod
397 2562 471 2627 nos,
499 2541 553 2627 qui
574 2541 772 2608 nobilitatem
794 2546 934 2609 vestram
956 2546 990 2609 et
1010 2541 1126 2608 mentis
1149 2540 1252 2610 exeol-

74 2658 210 2727 lentiam
231 2657 297 2724 iam
319 2658 437 2726 dudum
459 2658 620 2742 pommus,
644 2677 843 2745 nequaquam
865 2657 993 2726 eredere
1014 2657 1201 2746 potuimus‚‘
1215 2664 1252 2725 ut

75 2773 275 2860 suffraganeo
297 2781 418 2861 vestro,
448 2775 503 2862 qui
528 2774 697 2862 metropoli
727 2774 860 2842 devotus
888 2794 1015 2862 semper
1042 2773 1193 2843 militarit
1219 2780 1252 2844 et

74 2911 245 2982 personam
269 2897 407 2962 vestram
428 2913 484 2980 pre
500 2891 644 2959 omnibus
660 2889 773 2959 dilexit
787 2896 819 2958 et
833 2891 1010 2976 honorarit,
1031 2890 1114 2958 hano
1127 2891 1251 2960 velletis

75 3010 196 3078 inferre
217 3008 456 3094 contumeliam,
479 3013 515 3075 ut
537 3027 664 3076 oausam
685 3008 802 3097 ipsius,
826 3028 922 3095 qnam
943 3028 984 3074 ex
1005 3007 1121 3075 iudicio
1142 3010 1251 3077 tormi-

74 3148 156 3197 nare
177 3131 307 3215 propter
329 3125 543 3213 importunam
564 3131 782 3194 aoousatorum
796 3124 999 3192 insolentiam
1012 3145 1076 3192 non
1090 3127 1249 3214 potuistis,

75 3267 136 3336 per
150 3243 349 3312 oonoordiam
364 3241 448 3310 finiri
462 3262 526 3310 non
540 3244 738 3330 pateremini.
773 3241 871 3310 Novit
884 3242 969 3309 erim
984 3242 1117 3310 eruditio
1133 3250 1249 3330 vesta,

76 3381 212 3451 quorum
234 3360 364 3428 oonsilio
387 3379 488 3447 quave
510 3359 678 3446 disoiplina
699 3361 784 3428 idem
807 3359 979 3426 adversarii
1006 3360 1147 3448 episeopi
1167 3361 1250 3428 iudi·
1298 3388 1301 3396 ’

75 3481 158 3548 dum
181 3482 336 3562 vatum,
367 3476 449 3565 quod
472 3474 739 3560 suffraganeorum
769 3482 801 3544 et
823 3475 993 3544 aecclesiae
1014 3482 1139 3544 vostrae
1160 3478 1250 3545 testi·

75 3596 183 3666 monio
208 3600 239 3662 at
262 3613 391 3661 assensu
415 3597 483 3660 erat
504 3591 689 3679 subnixum,
718 3611 865 3661 recusare
886 3599 1163 3682 presumpserunt,
1187 3615 1248 3680 quo

75 3713 188 3782 ordine
216 3710 368 3799 quibusve
394 3709 530 3776 induetis
559 3708 642 3776 datis
670 3708 922 3798 appellaverunt3
957 3711 1039 3778 siout
1071 3732 1112 3778 ex
1144 3715 1248 3778 uass-

74 3831 205 3918 soriptis
228 3849 336 3896 eorum
352 3825 467 3894 libellis
483 3825 681 3894 considerare
695 3831 801 3915 potest
815 3830 921 3894 vestra
936 3827 1093 3912 diseretio,
1116 3827 1247 3895 retentis

74 3947 163 4037 apud
184 3967 242 4014 nos
265 3965 373 4014 eorum
395 3943 638 4031 exemplaribus.

166 4063 210 4132 Et
230 4062 314 4147 lieet,
338 4065 374 4128 ut
395 4059 572 4149 predictum
588 4064 646 4146 est,
669 4059 763 4148 plane
778 4059 925 4145 sciamus,
949 4059 1047 4127 animi
1060 4059 1160 4126 vestri
1175 4058 1246 4126 alti·
1388 4104 1392 4115 ·

73 4181 218 4252 tudinem
240 4181 275 4248 in
297 4184 364 4246 tam
386 4177 464 4245 viles
488 4182 520 4245 et
542 4177 679 4246 abiectas
701 4175 922 4245 meditationes
941 4196 1141 4263 nequaquam
1163 4176 1246 4244 deoi-

75 4301 151 4368 dere
172 4297 329 4386 potuisse,
356 4300 393 4362 ut
420 4314 492 4362 oum
518 4295 583 4362 iam
611 4295 694 4362 dioto
716 4291 864 4363 Waldero
885 4299 953 4368 tam
975 4313 1117 4372 enormes
1139 4294 1246 4370 eondi-

149 4431 174 4490 1.
192 4428 226 4490 V.
240 4444 284 4504 ep.
296 4427 349 4487 386
367 4442 450 4499 snpra
466 4442 493 4498 p.
507 4427 567 4489 51&
640 4429 667 4487 2.
685 4426 812 4490 Fortliui.
