3117 4859
334 258 400 329 528
668 277 819 328 wmsumr
839 276 1028 328 nemnem
1046 276 1101 326 ooo.
1115 277 1170 326 sss.

246 423 317 484 llos
424 416 587 506 Siquidem
613 425 687 488 unte
715 439 815 488 onnes
837 416 991 488 sedecim¹
1011 439 1086 520 nos,
1113 420 1257 489 miserati
1286 426 1499 508 peupertntu

334 535 494 624 predictae
522 535 692 606 aecclesiae
722 543 755 605 et
779 537 931 620 lustrum,
960 557 1038 623 quos
1065 537 1100 604 in
1121 536 1258 604 Domino
1286 537 1501 622 dibgsbsmus,

334 652 587 740 prenominatam
609 652 795 722 aecclesiam
817 652 857 722 de
874 652 983 720 Hercu
1003 673 1076 720 cum
1097 653 1317 739 democena,
1339 673 1423 740 quse
1437 653 1503 722 Ste-

335 769 517 837 bulensibus
538 769 689 838 fratribus
710 769 865 858 pertinet,
893 769 995 838 eidem
1017 769 1139 853 cbbeti,
1167 771 1223 856 qui
1243 791 1332 838 nunc
1352 777 1504 858 superest,

335 881 573 971 concessimus¹,
607 891 640 954 et
667 906 739 954 eum
766 886 849 953 dono
875 891 984 954 nostro
1010 886 1245 972 investivimus,
1272 893 1312 954 ut
1337 887 1505 954 eecclesise

336 1000 516 1070 Stebulensi
543 1001 617 1070 inde
644 1022 702 1090 per
730 1001 871 1087 ninguine
898 1023 997 1070 unnos
1024 1008 1090 1070 tres
1117 1023 1240 1071 meroes
1268 1008 1302 1071 et
1324 1023 1428 1070 unum
1447 1005 1505 1070 ter·

337 1123 443 1186 tonem
465 1117 672 1206 persolveret3
697 1119 781 1205 quod
800 1119 898 1186 etiem
911 1137 1011 1205 usque
1023 1139 1108 1187 nunc
1121 1119 1289 1204 diligenter
1304 1119 1505 1188 observatu

336 1240 394 1302 est
440 1233 497 1302 Set
518 1235 593 1322 quie
613 1235 648 1302 iu
670 1234 780 1304 eodem
801 1234 986 1321 privilegio,
1015 1236 1099 1323 quod
1125 1237 1219 1304 modo
1247 1237 1393 1323 primum
1413 1238 1504 1304 resci-

336 1351 450 1437 vimus,
472 1351 615 1420 bsudem
637 1351 807 1420 eecclesiae
830 1350 1021 1437 Stcbulsusi
1043 1353 1126 1420 sicut
1146 1352 1325 1439 predictum
1344 1359 1408 1438 set,
1429 1354 1504 1420 fece·

336 1474 423 1554 runt,
452 1472 599 1556 pactum,
623 1467 707 1555 quod
728 1473 924 1536 contractum
945 1469 1064 1552 fueret,
1093 1474 1225 1557 propter
1247 1469 1357 1536 dolum
1379 1469 1502 1554 melun,

337 1583 392 1671 qui
413 1585 598 1668 intervenit,
628 1589 758 1672 operte
782 1583 978 1652 Stebuleusis
1000 1584 1169 1654 eecclesiae
1190 1586 1362 1654 discissum
1385 1593 1450 1668 est3
1476 1592 1505 1652 et

337 1700 547 1788 privilegium,
570 1701 654 1787 quod
676 1706 872 1788 occeperunt,
893 1699 1117 1770 infirmandum
1140 1709 1190 1771 est
1211 1703 1356 1772 evoca
1377 1721 1504 1772 ommia

338 1822 370 1886 et
391 1817 588 1885 abolendum

425 1931 523 2001 Porro
556 1934 594 2001 de
627 1931 808 2000 innocentie
840 1932 964 2002 obbatis
997 1934 1182 2002 monosterii
1214 1936 1318 2002 suncti
1345 1934 1504 2004 Leurmtii

336 2049 434 2118 nichil
455 2054 579 2117 vestrse
601 2049 783 2116 dismetioni
805 2049 1012 2117 dubitandum
1031 2051 1100 2118 lore
1114 2051 1282 2136 credimus,
1304 2072 1381 2118 cum
1405 2054 1439 2118 in
1460 2073 1504 2120 eo

337 2166 409 2234 dem
431 2166 631 2250 monasterio,
655 2165 705 2233 oui
727 2185 813 2233 nunc
825 2165 894 2233 Deo
909 2172 1037 2234 ductore
1051 2173 1168 2254 preest,
1191 2168 1358 2255 sparrulo
1383 2170 1504 2236 sitnon

336 2282 439 2352 solum
460 2284 495 2350 in
517 2282 713 2368 regularibus
735 2287 785 2349 eet
806 2282 904 2350 etiem
924 2284 959 2350 in
976 2282 1159 2351 liberalibus
1173 2283 1352 2370 disciplinis
1366 2286 1506 2372 adprime

337 2399 495 2482 eruditus;
526 2400 582 2486 qui
603 2399 700 2467 etism
722 2398 871 2485 predictis
899 2400 1157 2468 conventionibus
1184 2400 1344 2484 intertuit3
1375 2406 1411 2468 et
1430 2421 1507 2468 nune

336 2515 370 2584 iu
392 2515 462 2600 lege
475 2515 536 2584 Dei
559 2517 609 2584 sui
630 2516 682 2583 die
703 2534 740 2582 ec
754 2520 847 2583 nocte
865 2515 1036 2584 meditetur
1058 2521 1090 2584 et
1103 2516 1215 2584 boram
1236 2517 1415 2586 vocationis
1438 2537 1506 2586 sune

336 2631 482 2720 lampade
505 2651 636 2700 amensa
658 2636 813 2720 expectet
847 2631 948 2712 Quem
969 2638 1005 2699 ut
1026 2633 1158 2718 diligere
1179 2638 1213 2701 et
1230 2633 1390 2702 bonorare
1404 2635 1506 2720 digno

337 2749 426 2834 mini,
450 2749 562 2818 devoto
584 2747 809 2837 supplicemus.

342 2977 431 3052 396.
449 2982 607 3050 Wc'bcldos
630 2980 772 3068 Ecpecs'o
796 2981 859 3047 ΙΙΙ
873 3006 980 3070 popae
1002 2983 1042 3048 de
1058 2983 1220 3070 prioribus
1239 2984 1305 3048 scis
1318 2983 1365 3048 ed
1378 2983 1506 3050 eurold-

451 3101 523 3166 tero
549 3099 660 3164 scribe
696 3097 747 3164 De
770 3097 932 3164 Fn'ders'co
959 3123 1040 3186 repe.
1072 3097 1142 3164 Hcs
1166 3099 1285 3165 werae
1303 3099 1507 3188 perferentes

451 3216 651 3282 commendet.
1349 3213 1408 3296 (bl.
1425 3213 1506 3296 315.)

252 3355 323 3413 1152
428 3347 640 3416 Dilectissimo
662 3346 697 3413 in
719 3343 846 3414 Christo
867 3347 952 3433 petri
974 3366 1032 3414 suo
1060 3353 1093 3414 et
1114 3347 1242 3415 domino
1262 3347 1437 3433 litugenio)
1458 3347 1506 3414 uni

341 3469 374 3533 et
398 3463 570 3532 universali
596 3481 697 3550 popae
724 3461 824 3528 freter
846 3460 1034 3546 Wlibuldus)
1054 3461 1117 3531 Dei
1144 3464 1249 3548 gretie
1274 3469 1308 3530 et
1334 3464 1507 3546 vestrsid,

341 3582 426 3669 quod
447 3587 496 3649 est
516 3581 551 3647 in
574 3578 725 3647 eccclesia
746 3576 910 3664 cstholicc,
932 3600 968 3646 ss
989 3580 1095 3667 ipsum
1118 3585 1152 3647 st
1172 3601 1232 3647 sus
1252 3581 1414 3648 universe„

428 3696 568 3765 Litterae
590 3702 726 3780 nostroe,
750 3715 828 3783 ques
850 3701 923 3784 post
942 3695 1173 3763 ordinationem
1187 3697 1307 3764 domiui
1321 3699 1429 3764 nostri
1440 3695 1508 3764 nori

340 3817 424 3901 regis
440 3815 480 3881 sd
495 3819 633 3882 vestram
647 3811 866 3880 celsitudinem
881 3807 1093 3900 scripsimus⁸,
1114 3813 1225 3880 ordine
1238 3819 1429 3900 prepostero
1444 3833 1507 3902 per·

340 3930 424 4000 letce
447 3935 529 3998 sunt.
566 3928 728 4016 Siquidem
742 3928 826 4015 illes,
850 3949 930 4015 queo
943 3929 1066 4017 priores
1080 3930 1218 4016 scriptos
1230 3929 1362 3996 fuerunt
1375 3936 1411 3997 et
1423 3929 1508 3998 nari

340 4047 496 4116 Franconi
519 4048 559 4114 sd
586 4045 808 4134 perferendum
832 4046 984 4130 treditee,
1011 4067 1085 4114 cunr
1110 4047 1309 4114 crederemus
1336 4067 1413 4114 eum
1439 4064 1506 4115 mox

342 4164 383 4231 ed
396 4171 534 4233 vestrum
549 4163 776 4232 beatitudiuem
790 4183 1000 4247 reversurum,
1014 4162 1205 4250 posteriores
1216 4169 1419 4252 presentetee
1428 4169 1504 4231 sunt

414 4305 440 4362 1.
457 4303 513 4362 ie
532 4319 605 4362 suno
624 4305 703 4360 1136.
768 4304 795 4358 2.
813 4301 849 4359 V.
865 4301 988 4360 mbulsm
1005 4319 1031 4358 e„
1045 4303 1115 4360 uec
1132 4302 1226 4360 dotem
1243 4319 1290 4375 sp.
1301 4303 1426 4362 herne
1442 4301 1503 4361 Coll

342 4392 378 4450 11.
396 4394 440 4451 95.
511 4393 538 4450 3.
556 4393 590 4452 V.
604 4408 649 4463 ep.
661 4393 714 4450 etc
731 4408 815 4464 supro
831 4408 859 4464 p.
872 4393 933 4450 503.
1044 4447 1053 4466 ,
