3117 4859
198 397 269 453 llos

313 232 358 299 80
670 249 820 298 vmnnnr
840 249 1027 300 numnam
1047 249 1125 298 e-e.

313 391 404 459 Unde
426 391 523 460 etiam
543 388 740 476 eouidimus,
761 391 877 460 vestris
893 392 1086 460 orationibus
1102 390 1187 478 apud
1199 389 1304 459 Deum
1317 390 1378 458 hoo
1391 409 1479 476 posse

176 469 239 530 Sept
248 470 297 517 oet.
372 509 379 523 .

201 2407 270 2463 1136

178 2481 241 2541 Sept.
250 2481 298 2528 Oet.

227 3821 296 3876 1137

231 3895 297 3943 Febr.

314 509 461 596 optineri,
482 514 519 576 ot
541 509 680 595 quietem
701 508 874 577 universali
895 509 1008 576 reddet
1030 507 1180 576 eeclesiae
1195 513 1227 574 et
1241 526 1352 595 paoem
1367 507 1480 574 nostris

313 624 465 692 oonoedat
484 626 690 713 temporibus.
724 625 806 693 Gum
828 646 903 711 ergo
926 647 966 693 ex
980 623 1145 712 privilegio
1162 625 1309 710 autiquae
1324 622 1480 708 religionis

314 761 389 807 suae
412 741 543 809 eoelesia
562 748 670 810 vestre
689 742 869 830 specialiter
885 743 925 810 ad
938 741 1114 810 Romanum
1128 741 1315 826 dignitatem
1327 741 1482 828 respicere

314 856 435 942 debeat,
459 877 692 927 commonemus
707 881 764 926 vos
784 859 973 943 mandando,
996 864 1042 942 ut,
1066 859 1094 925 si
1109 859 1222 925 timore
1238 856 1370 925 eheuius
1387 857 1483 922 eoaoti

314 973 355 1040 ab
382 974 505 1041 unitate
532 974 682 1043 eeclesiae
706 976 924 1062 exorbitastis,
955 975 995 1042 ed
1018 995 1090 1042 eum
1099 971 1116 1060 ¹,
1148 995 1241 1061 quem
1263 978 1331 1040 tote
1353 971 1483 1040 eeclesia

313 1095 438 1176 patrem
464 1093 661 1178 recognovit,
689 1093 836 1160 redeatis.
926 1092 991 1160 Nos
1013 1111 1088 1160 vero
1117 1093 1151 1158 in
1178 1090 1323 1158 omnibus
1346 1089 1484 1157 debitam

313 1207 481 1275 tuitionem
503 1209 653 1276 ecelesiae
674 1215 799 1276 vestrae
822 1209 948 1276 exibere
970 1208 1126 1292 volentes,
1150 1227 1246 1294 qaam
1267 1207 1483 1292 eognosoimus

314 1324 531 1411 imperialibus
560 1325 701 1392 dotatum
731 1325 957 1410 oblationibus,
986 1325 1172 1394 mandamus
1198 1323 1303 1409 vobis,
1332 1330 1386 1408 ut,
1416 1344 1485 1390 eum
1554 1397 1555 1400 Ἴ

313 1442 453 1528 primum
474 1441 618 1529 partibus
639 1441 704 1508 illis
728 1443 1047 1530 appropiaverimus·,
1075 1441 1172 1510 abbas
1194 1436 1316 1508 vester²
1340 1459 1415 1508 eum
1437 1461 1484 1508 se·
1554 1493 1555 1502 ,

314 1557 522 1644 pientioribus
544 1579 585 1626 ex
607 1559 697 1626 vobis
719 1558 810 1626 nobis
833 1565 988 1645 oeourrat,
1011 1564 1047 1626 ut
1061 1559 1101 1626 de
1114 1558 1175 1642 his,
1198 1577 1279 1645 ques
1294 1559 1336 1626 ed
1350 1558 1484 1626 tuendus
1554 1589 1555 1594 1

313 1694 366 1740 res
387 1679 509 1741 vestrm
531 1675 712 1764 expediant,
733 1675 877 1763 plenarie
899 1676 1130 1744 conveniamus.
1220 1673 1370 1742 Laterem
1394 1695 1485 1762 prae-

314 1791 462 1876 sentium,
485 1791 514 1858 si
535 1813 615 1880 opus
636 1793 820 1879 habueritis,
843 1794 960 1861 iterum
982 1793 1022 1860 ed
1043 1813 1101 1860 nos
1116 1792 1296 1876 remittatis,
1320 1793 1398 1878 quie
1412 1789 1488 1858 fide-

313 1907 387 1975 liter
407 1928 537 1976 eausam
558 1914 698 1976 vestram
719 1911 795 1994 egit.
970 1908 972 1912 ’

316 2140 351 2210 5.
380 2143 512 2209 Riebita
529 2145 714 2230 meretrix
730 2144 945 2209 Catinensibus
966 2143 1204 2209 benevolentiam
1226 2165 1314 2208 asom
1337 2143 1486 2208 deelamt

382 2258 595 2325 seniorectum
618 2261 759 2326 abbatem
780 2262 825 2326 ad
845 2284 877 2326 ee
898 2261 1003 2325 oeas're
1026 2255 1137 2345 espiri.

404 2391 554 2478 Ryebyza
568 2392 629 2459 Dei
651 2394 754 2476 gretia
768 2392 981 2459 Romanorum
1003 2391 1190 2478 imperatrix
1208 2390 1360 2458 trabibus
1377 2389 1487 2458 Saneti

314 2506 478 2575 Benedieti
500 2509 636 2592 gretiam
659 2529 749 2575 suam
771 2513 804 2576 et
825 2510 940 2576 bonam
962 2507 1165 2574 voluntatem.

406 2624 555 2710 Magnam
587 2625 686 2693 finisse
721 2647 761 2692 en
795 2626 923 2712 antiquo
959 2624 1107 2691 eoelesiee
1133 2628 1257 2690 vestrae
1289 2623 1487 2708 religionem,

316 2742 503 2810 audivimus.
550 2742 640 2809 Unde
668 2743 855 2809 memoriam
881 2742 983 2808 nostri
1011 2742 1095 2829 apud
1116 2760 1173 2808 vos
1195 2738 1305 2806 haberi
1326 2761 1487 2824 rogamus,

315 2861 463 2945 quatinus
486 2865 591 2927 vestro
621 2861 751 2928 obtentu
773 2858 860 2925 Deus
887 2877 998 2945 paoem
1028 2857 1176 2924 eeclesiae
1204 2876 1279 2922 suae
1306 2857 1339 2922 in
1367 2858 1487 2924 nostis

314 2977 467 3043 oonoedat
487 2977 692 3063 temporibus.
727 2974 793 3041 Nos
817 2976 923 3059 etiem,
947 2979 1099 3060 quantum
1120 2973 1293 3061 poterimus
1311 2973 1487 3042 auxiliante

314 3091 393 3176 Deo,
416 3113 475 3179 pro
498 3092 658 3159 salvandis
680 3091 774 3159 rebus
798 3090 947 3158 ecelesiae
969 3096 1093 3158 vestrae
1116 3090 1337 3175 cogitabimus
1361 3096 1488 3157 tanturn

314 3206 448 3274 domnas
477 3204 592 3277 abbas²
621 3208 809 3296 tempestive
835 3209 925 3275 nobis
959 3229 1031 3274 eum
1059 3205 1300 3295 sapientioribus
1329 3213 1486 3294 ooourret,

313 3330 351 3392 ut
372 3326 412 3393 de
434 3325 484 3392 bis
507 3332 539 3394 et
561 3326 600 3394 de
623 3325 693 3392 aliis
715 3325 883 3393 eonvenite
905 3324 1046 3412 plenarie
1067 3324 1234 3411 possimus.

316 3555 351 3627 6.
381 3560 550 3627 Laetoria
571 3563 741 3651 iupwator
762 3561 940 3628 Corinenses
962 3559 1115 3642 admouet,
1137 3569 1173 3624 ot
1193 3581 1251 3625 sata
1271 3559 1427 3626 mandata
1448 3561 1486 3626 ab

381 3677 537 3766 Adeaolso
561 3688 590 3743 et
610 3677 748 3767 Vertalso
772 3679 869 3744 allata
892 3685 1122 3765 aaseqaaotar⁸.

403 3810 596 3893 Loth(arius)
614 3810 676 3878 Dei
698 3811 802 3896 gratia
815 3809 1027 3876 Romanorum
1048 3809 1222 3897 imperator
1244 3813 1394 3892 augustus
1410 3807 1486 3876 fide·

313 3922 406 3994 libus'
420 3928 495 4012 suis,
518 3927 674 4013 religiosis
696 3928 847 3995 iratribus
870 3927 909 3994 de
924 3925 1030 3994 Monte
1046 3925 1160 3994 Casino
1183 3925 1316 4012 gratiam
1341 3947 1433 3993 suam
1456 3931 1488 3992 et

313 4044 429 4112 bonam
451 4042 652 4112 voluntatem.

387 4210 407 4243 a.
428 4197 648 4258 appropriarerimns
668 4198 703 4243 ed.
767 4196 790 4243 b.
810 4197 893 4244 naida
912 4197 1013 4260 Angelus
1034 4196 1063 4244 de
1082 4197 1146 4243 Nuce
1165 4194 1296 4256 1.Lp.2b.
1365 4207 1386 4244 o.
1405 4196 1485 4244 Edidit

314 4279 415 4342 lugdu
432 4279 461 4325 da
476 4280 540 4325 Nece
555 4279 571 4323 l.
579 4279 596 4323 1.
609 4295 633 4337 p.
642 4278 680 4323 24.

385 4374 411 4428 1.
428 4371 621 4429 innoeentiam
638 4371 667 4427 11
684 4385 793 4441 papam.
863 4371 890 4428 2.
909 4371 1093 4429 Seniorsatus.
