3117 4859
404 292 553 343 omnini
573 292 761 343 urraionau
783 290 838 339 rer.
855 290 909 339 aaa
1175 274 1260 345 3831

65 434 105 503 do
126 433 180 503 liis
202 454 282 522 quaa
303 434 389 503 intus
411 440 485 503 sunt
506 455 601 522 quam
622 434 661 503 de
683 434 733 501 his
748 454 830 520 quae
843 433 921 501 foris
936 438 1083 519 aguntur,
1105 434 1134 501 si
1148 454 1242 521 opor-
1259 440 1330 497 noo

63 556 179 619 tnnnm
201 552 308 637 inerit,
328 550 454 639 plenius
477 552 587 621 audire
607 552 763 638 poteritis.
797 550 1025 619 Paternitatem
1039 555 1178 632 soonam
1200 550 1242 619 ed

63 667 218 737 bonorem
240 668 410 737 aeoolesiae
432 688 507 737 suae
530 668 729 755 omnipotens
750 667 839 735 Deus
860 668 916 734 diu
936 667 1116 735 ineolumon
1136 671 1241 733 eusto-

62 784 144 853 diat.
222 784 272 853 Do
295 784 448 873 Vilippes,
471 786 500 851 si
521 786 718 871 oportunitas
742 784 901 869 aooidarit
925 786 1072 871 petimus,
1093 789 1132 849 ut
1152 803 1241 852 men·

61 901 186 971 tionem
209 920 317 971 eoram
338 922 412 987 rege
434 902 568 971 faciatis

62 1147 158 1221 258.
180 1153 376 1221 Sabalassa
399 1150 577 1220 Comodosm
599 1152 655 1218 ΙΠ
674 1176 777 1240 repom
798 1162 927 1239 rogant,
955 1162 992 1216 ut
1013 1150 1190 1218 Gozaireom
1212 1163 1243 1217 st

177 1266 378 1337 Everardum
401 1272 439 1335 ds
454 1267 640 1357 flegmati
661 1270 720 1335 sibi
742 1270 782 1334 de
801 1270 927 1335 asarta
946 1267 1127 1356 satisfacere
1143 1279 1241 1355 eaput

1079 1380 1133 1465 (ii.
1151 1382 1243 1465 aaa.)

155 1498 392 1568 Gloriosissimo
421 1505 515 1587 atque
540 1500 750 1567 inviotissimo
778 1499 906 1565 domino
933 1518 990 1565 suo
1012 1497 1242 1566 Romanorum·
1260 1502 1330 1560 1160

60 1616 253 1703 imperatori
275 1624 408 1703 augusto
423 1616 594 1701 Oionradol
616 1615 743 1683 humilis
759 1614 956 1683 Stabulensis
979 1615 1149 1683 aeoolesiae
1166 1636 1241 1683 oon·

59 1734 221 1818 gregatio,
243 1735 393 1822 quioquid
413 1734 520 1819 regiae
542 1733 700 1801 maiestati
721 1731 866 1799 tantillus
888 1730 982 1800 debet
995 1751 1032 1800 aa
1046 1738 1152 1820 potest
1167 1752 1242 1801 eon·

59 1856 191 1917 ventus.

157 1964 193 2033 Si
208 1965 412 2035 excellentiae
426 1972 561 2052 sabae,
577 1966 777 2034 serenissime
792 1965 929 2051 domine,
945 1965 1155 2053 aliquomodo
1169 1988 1241 2053 gia·

58 2082 183 2149 tiaram
207 2084 346 2151 actiones
366 2084 499 2151 reddere
519 2088 630 2150 nostra
651 2088 759 2169 posset
780 2081 947 2168 exiguitas,
970 2083 1005 2149 id
1023 2088 1114 2151 tanto
1128 2087 1243 2171 eiieqni

59 2218 248 2267 curaremus
271 2201 433 2285 attentius,
456 2205 575 2287 quanto
596 2200 631 2266 in
652 2199 827 2284 colligendo
840 2205 934 2287 patro
948 2205 1057 2267 nostm
1072 2201 1241 2269 aeeclesiae

60 2322 208 2402 vestrae,
237 2318 272 2383 in
300 2336 364 2402 qua
388 2317 486 2403 positi
514 2336 639 2401 sumus,
667 2316 812 2385 misereri
839 2316 1014 2401 dignamini
1042 2320 1239 2412 propensius.

59 2432 142 2501 Inde
171 2438 235 2519 est,
265 2434 350 2519 quod
377 2434 534 2501 continuis
562 2434 732 2501 missarum
759 2432 1022 2501 celebrationibus
1049 2452 1087 2501 ao
1111 2434 1240 2518 vigiliis,

60 2548 203 2617 assiduis
224 2549 370 2636 precibus
394 2554 426 2617 et
448 2549 627 2619 elemosinis
640 2549 745 2617 Deum
767 2570 826 2636 pro
846 2554 933 2617 statu
946 2550 1038 2634 regni
1050 2551 1159 2634 ratri,
1181 2571 1240 2637 pro

60 2664 282 2733 ineolumitate
296 2671 403 2735 vestm
417 2673 656 2752 vesuorumquo
674 2686 842 2733 exoramus
857 2666 1011 2750 devotius,
1032 2665 1240 2753 postulantes,

60 2786 100 2849 ut
122 2782 162 2867 is,
186 2782 220 2847 in
242 2782 330 2850 ouius
352 2804 450 2851 manu
471 2788 547 2851 sunt
568 2783 710 2850 omnium
730 2787 904 2870 potestates
926 2786 959 2849 et
976 2784 1048 2851 iura
1060 2804 1240 2869 regnorum,

62 2918 134 2984 eos,
158 2900 214 2983 qui
235 2898 269 2966 iii
291 2920 350 2967 sua
370 2900 497 2968 feritate
518 2898 693 2985 confidunt,
717 2920 774 2987 per
797 2920 852 2966 vos
875 2904 1021 2985 potenter
1042 2902 1240 2987 comprimat,

61 3035 127 3101 quo
155 3013 285 3082 liberius
313 3016 384 3102 paoi
411 3022 444 3083 et
464 3016 596 3085 utilitati
619 3015 843 3085 aeoolesiarum
863 3016 926 3083 Dei
946 3021 1054 3085 sesua
1073 3017 1242 3086 clementia

62 3132 233 3218 postmodo
260 3132 427 3219 providere
455 3133 568 3201 valeat
659 3133 708 3201 De
736 3138 877 3217 caetero,
907 3133 1075 3203 mitissime
1104 3135 1240 3220 domino,

62 3249 216 3335 quoniam
239 3249 406 3335 speeialins
429 3250 658 3335 quodammodo
681 3270 734 3317 eas
757 3254 924 3337 protegere
946 3250 1113 3319 aooelesias
1135 3258 1242 3321 vestra

62 3364 160 3433 debet
181 3364 340 3450 maiestas,
367 3386 448 3451 quae
471 3366 511 3434 ab
533 3367 651 3435 inolitis
671 3366 947 3455 predecessoribus
968 3368 1083 3435 vatris
1104 3368 1241 3456 impera·

61 3480 188 3549 toribus
216 3482 283 3549 sive
311 3483 437 3566 regibus
465 3483 638 3551 honestiori
667 3484 752 3551 uultu
782 3488 815 3551 et
839 3483 986 3570 ampliori
1007 3484 1242 3570 magnificentia

62 3597 254 3667 sublimatae
277 3599 427 3684 existunt,
450 3602 579 3687 speciali
603 3601 739 3687 quadum
762 3598 951 3669 confidentia
967 3601 1008 3669 ad
1022 3622 1078 3669 vos
1093 3602 1242 3669 amedera

63 3714 234 3797 audemus3
263 3714 334 3800 ubi,
364 3715 550 3785 elementiae
571 3722 694 3785 saeuae
717 3717 850 3800 genibus
876 3717 1050 3804 provoluti,
1078 3718 1241 3787 humiliter

62 3832 287 3919 conquerimur
309 3833 348 3900 de
371 3831 513 3901 Gozuino
536 3834 575 3901 de
597 3832 788 3919 Hengebaoli
811 3838 844 3901 et
864 3834 963 3902 tratre
985 3836 1053 3903 eius
1066 3834 1239 3920 Everardo,

63 3950 118 4035 qui
141 3954 253 4016 eontra
274 3969 399 4016 omnem
421 3950 580 4017 iusticiam
602 3950 637 4016 in
658 3950 710 4017 die
731 3950 835 4037 panis,
862 3953 897 4018 in
917 3953 999 4019 festo
1022 3951 1142 4020 seilicet
1163 3972 1239 4039 apo·

63 4065 220 4133 stolorum
242 4063 389 4152 Symonis
418 4072 449 4133 et
471 4065 567 4135 Iudae
576 4061 594 4150 ¹,
623 4088 680 4134 seii
706 4073 847 4135 narratus
867 4069 936 4135 vini
957 4089 1029 4135 oum
1050 4068 1239 4135 animalibus

63 4180 220 4251 violenter
240 4182 332 4251 nobis
354 4182 560 4269 abstulerunt,
584 4188 616 4252 et
629 4204 785 4273 pauperes
801 4190 937 4271 nostros,
959 4186 1014 4272 qui
1032 4184 1176 4272 plaustra
1189 4206 1239 4255 se-

135 4338 157 4373 ι
179 4324 368 4373 Ronmanorum
383 4328 434 4375 cod.

135 4414 162 4469 1.
180 4412 217 4468 28
234 4411 387 4469 beania
