3117 4859
389 280 746 335 mommsen
766 247 891 333 om
1156 268 1221 337 ess

54 428 194 493 reshum
220 423 438 495 celsitudinem
468 426 608 513 accipere
637 425 802 493 decuisset
847 424 938 504 Quod
958 427 1097 497 erudicio
1118 434 1224 499 vostra
1241 436 1312 493 1150

52 542 132 609 suist
154 562 193 609 eo
216 542 346 610 consilio
367 542 487 611 iactum
508 562 593 628 esse,
616 546 663 628 ut,
686 542 836 629 quonium
856 542 1019 613 humiliter
1040 549 1073 613 et
1093 544 1224 634 pacifice

51 658 240 727 multociens
261 659 351 727 robis
378 679 473 748 super
494 660 604 727 eodem
626 660 752 745 negotio
775 660 1002 748 scripseramus
1022 667 1056 729 et
1076 638 1135 730 nee
1157 682 1223 731 ser·

51 795 180 844 monem
201 774 367 863 pacificum
387 796 447 845 nec
467 776 555 864 pacis
578 775 722 845 effectum
744 796 972 865 receperamus,
995 779 1223 847 certatundem

52 898 133 961 emet
149 897 256 960 restra
276 893 455 980 prudentis,
478 894 562 979 quod
583 894 719 963 iudicem
736 912 795 961 nos
810 894 898 961 adire
911 895 1084 964 necessitas
1098 902 1224 982 cogeret

52 1015 205 1079 enrema.
244 1008 339 1078 Absit
360 1009 445 1077 euim
467 1029 487 1077 a
507 1014 634 1079 nostrae
654 1010 844 1079 humilitatis
864 1011 1039 1098 proposito,
1060 1017 1098 1080 ut
1117 1014 1223 1100 ponti-

50 1124 175 1195 sedem
203 1124 437 1212 excellentiam,
463 1126 603 1195 menime
624 1128 658 1195 in
679 1147 817 1215 persona
836 1127 1029 1197 monasticus
1049 1128 1221 1217 religionis,
1328 1190 1333 1195 .
1456 1110 1461 1120 ’

51 1264 211 1331 quoquam
231 1243 416 1311 temerario·
436 1242 487 1311 rel
505 1244 682 1313 contumaci
703 1244 805 1330 elogio
825 1244 977 1331 impetere
991 1250 1220 1331 presumtmm.

50 1360 170 1429 Verum
193 1361 340 1447 quoniam
362 1360 470 1427 eedem
491 1359 616 1429 litterae
629 1366 752 1429 restrae
772 1360 870 1429 nichil
885 1362 974 1446 certi,
996 1362 1094 1429 nichil
1107 1360 1222 1433 finitivi

51 1496 146 1565 super
167 1496 264 1545 causa
283 1482 393 1545 nostra
414 1476 631 1563 continebant,
653 1498 712 1546 nos
735 1496 876 1564 quoque,
898 1478 981 1546 sicut
1000 1478 1099 1547 nichil
1120 1479 1222 1548 deter-

51 1594 174 1679 minetu’,
197 1594 245 1661 ita
264 1592 362 1661 nichil
383 1594 458 1661 novi
470 1599 593 1662 restrae
615 1594 827 1680 magnitudini
849 1596 1010 1683 potuimus
1030 1596 1221 1681 rescribere3

50 1728 120 1777 sum
147 1709 240 1778 vobis
267 1714 299 1777 et
325 1710 494 1779 aecclesiae
519 1716 643 1781 vestrae
664 1712 836 1781 draucos
862 1716 930 1779 tam
956 1731 1015 1800 per
1041 1732 1099 1780 nos
1127 1733 1222 1799 quarn

49 1844 105 1914 per
133 1827 285 1895 honestos
307 1831 340 1895 et
360 1846 492 1912 magnos
514 1833 547 1895 et
568 1828 721 1916 plurimos
744 1830 967 1897 intercessores
987 1830 1168 1916 frequentor
1189 1836 1224 1899 et

50 1944 206 2013 iustenter
238 1942 475 2030 obtulissemus,
509 1945 658 2033 quiequid
689 1945 731 2013 ed
759 1944 1006 2014 sadsiacdonem
1032 1947 1223 2035 persuadere

50 2059 223 2146 humilitus,
245 2060 395 2148 quicquid
416 2061 457 2129 ad
478 2062 702 2131 correctionem
725 2066 851 2149 poteret
871 2062 990 2131 dictme
1005 2063 1141 2133 iusticia
1171 2063 1222 2135 De

52 2177 163 2264 quibus
186 2177 331 2247 omnibus
353 2178 381 2245 si
403 2177 531 2264 aliquod
552 2179 725 2267 capitulum
747 2179 864 2265 eligere
884 2184 918 2247 et
938 2180 1030 2249 nobis
1044 2179 1222 2267 significare

50 2294 136 2363 robis
159 2293 411 2382 complacuisset,
435 2295 517 2365 sicut
538 2296 573 2363 in
595 2294 752 2365 offerendo
775 2297 893 2365 fuimus
914 2296 1031 2383 deuoti,
1052 2298 1100 2365 ita
1116 2298 1151 2365 in
1166 2319 1221 2367 ex·

51 2410 186 2480 bibendo
218 2430 358 2480 essemus
385 2414 498 2499 parati.
549 2412 593 2481 Et
619 2412 678 2481 boc
707 2413 845 2481 crudicio
872 2416 980 2481 uestra
1006 2412 1222 2483 indubitanter

52 2530 153 2615 potuit
176 2528 350 2613 adsertore,
373 2529 457 2616 quod
478 2529 513 2597 in
529 2529 625 2597 verbo
648 2534 681 2597 et
701 2530 865 2616 promisso,
880 2534 989 2597 nostro
1010 2529 1099 2597 nulla
1119 2530 1221 2599 lateus

53 2652 116 2713 erat
136 2646 367 2731 tergiversatio,
390 2666 463 2713 cum
485 2645 654 2714 electorum
668 2645 819 2730 iudicum,
841 2645 989 2732 aquibus
1004 2645 1143 2733 apellare
1156 2666 1222 2717 non

52 2760 129 2847 ieet,
153 2764 349 2831 sentenciam
363 2762 469 2831 subire
483 2761 644 2847 vellemus,
664 2761 784 2830 domini
797 2761 945 2829 uidelicet
958 2767 991 2829 et
1003 2764 1106 2850 patris
1119 2765 1222 2831 nostri

52 2875 331 2949 Pstherburnonsis
358 2880 498 2967 episcopi
520 2896 579 2946 nec
600 2900 665 2947 non
685 2877 850 2947 reverendi
872 2876 1131 2947 Monastericusis
1154 2880 1221 2968 epi·

53 2996 134 3081 scopi
171 3000 266 3082 atque
294 2996 490 3065 dilecnoimi
516 2996 618 3063 nostri
646 2994 896 3079 Osnebrugensis
924 2994 1074 3083 episcopi
1125 2996 1220 3065 Diem

51 3130 121 3179 uero
143 3112 303 3199 colloquii,
327 3132 406 3199 quae
427 3112 616 3199 interposito
637 3117 715 3198 erut,
737 3110 916 3180 nullatenus
931 3130 1094 3180 osservare
1107 3132 1220 3201 possu-

53 3246 132 3313 mus;
163 3229 253 3315 quie,
279 3248 353 3299 cum
375 3229 492 3316 absque
513 3228 746 3297 misericordisb
769 3249 790 3295 a
810 3227 900 3295 uobis
919 3229 1157 3315 recesserimus,
1179 3230 1219 3297 de

53 3362 142 3413 causa
164 3350 275 3413 nostra
296 3346 381 3435 apud
402 3346 554 3433 quasdam
576 3365 706 3431 mugnus
728 3362 880 3432 personas
899 3364 993 3429 agere
1014 3350 1157 3435 tempore
1170 3347 1219 3413 in·

54 3460 124 3528 dieti
145 3461 295 3549 colloquii
324 3462 544 3550 disposuimus.
586 3462 676 3541 Quod
702 3461 772 3528 ideo
802 3482 822 3527 a
849 3462 966 3551 nostris
994 3462 1218 3531 mediatoribus

54 3576 183 3647 scienter
205 3578 385 3647 ordinatum
410 3579 486 3665 iuit,
513 3599 577 3646 non
599 3582 636 3645 ut
662 3577 928 3665 observaremus,
957 3584 1007 3647 set
1026 3599 1068 3649 ne
1089 3599 1110 3646 a
1129 3579 1219 3647 vobis

54 3690 228 3763 indecenter
250 3701 283 3764 et
303 3701 466 3782 tamquam
487 3694 644 3763 hostiliter
666 3694 893 3762 recederemus.

57 3912 137 3988 264.
158 3916 324 3987 Heimdeus
350 3923 511 4010 episcopeo
537 3918 710 3985 Miodcnss‘s
730 3919 913 3986 Bembcrds'
941 3920 1077 4007 epicopi
1098 3918 1218 3984 Peder-

158 4028 315 4094 commeo
347 4027 506 4095 rosaltum
534 4027 572 4092 de
598 4026 795 4093 mordacibus
823 4026 959 4094 Wilalds·
985 4026 1029 4093 od
1053 4050 1086 4091 se
1112 4025 1219 4091 Modo

159 4135 320 4201 desiderat
1056 4128 1110 4213 (Μ.
1127 4129 1217 4215 246.)

135 4257 316 4327 Venerabili
345 4258 471 4327 domino
501 4262 627 4326 sanctae
648 4256 930 4327 Putberburnensis
957 4253 1126 4324 aecclesiae
1152 4258 1218 4345 epi·
1237 4262 1307 4342 troo

120 4406 140 4440 a
160 4393 281 4454 quicqum
294 4394 439 4447 temersrium
455 4411 475 4442 e.
536 4393 559 4441 b.
575 4392 744 4441 misericordius
761 4411 782 4440 e.
844 4405 863 4441 a
884 4409 915 4439 an
930 4404 977 4472 uon
991 4393 1018 4438 ut
1033 4390 1096 4441 diem
1110 4388 1218 4456 colloquii

57 4480 98 4519 neu
112 4473 295 4523 observaremus?
