3117 4859
395 304 543 352 wraarmr
564 302 752 352 semrom
772 302 827 349 aaa.
842 302 897 350 aee.
1167 285 1233 353 363

55 446 149 531 citis,
172 444 322 530 diligetis,
346 452 378 513 et
404 447 554 514 tuceta
574 450 667 532 parte
688 444 871 530 religiosum
893 446 968 513 beni
988 443 1046 513 filii
1068 444 1232 513 consilium
1252 452 1321 508 1150

55 568 89 631 at
111 562 269 630 auxilium
291 563 473 651 expectetis.

56 804 151 882 243.
173 814 336 879 Corradus
355 812 411 879 ΠΙ
426 836 484 879 rea
505 812 645 880 Eirmec
669 812 862 879 &accersam
884 814 1076 900 &reparatrici
1097 815 1231 899 mont,

171 930 281 1017 pacibus
296 930 334 994 de
350 932 449 994 cauae
463 953 495 995 ce
513 928 613 995 adine
630 931 808 1016 pactionem
824 953 893 994 mem
906 931 1094 1016 imperatore
1109 928 1233 1015 factem

170 1068 235 1109 non
260 1046 456 1131 praestiterit.
491 1045 705 1111 Alexandream
734 1046 773 1111 de
802 1045 944 1111 Gracina
971 1045 1064 1111 mittit
1091 1046 1135 1110 ad
1160 1067 1231 1109 cen·

171 1160 326 1226 eiliendea
358 1163 482 1249 carptim
514 1163 595 1226 inter
623 1159 806 1227 Heineicnm
838 1184 942 1249 repen
976 1172 1005 1227 ct
1037 1163 1234 1249 inperatoria

170 1286 302 1364 neptem
1071 1274 1126 1358 (it
1145 1275 1232 1359 188.)

148 1408 339 1492 Clonradus)
355 1408 415 1477 Dei
436 1409 539 1494 gratia
558 1408 771 1476 Romanorum
792 1410 965 1497 imperator
988 1414 1138 1494 augustus
1160 1424 1322 1497 pre-1150

54 1526 240 1593 cordialiter
263 1526 395 1593 dilectae
417 1524 501 1593 filiae
523 1546 599 1592 suae
613 1525 776 1609 E(irenae)
793 1524 894 1593 aDeo
913 1531 1079 1593 coronatae
1102 1533 1133 1594 et
1147 1525 1233 1595 exal-
1258 1498 1313 1558 Ψ·

53 1648 144 1710 tatae
168 1641 342 1709 Grecorum
363 1642 558 1730 imperatrici
586 1647 753 1729 paternam
775 1642 976 1710 dilectionem
999 1646 1174 1711 etcertum
1196 1664 1234 1711 ac

52 1758 150 1827 fidele
174 1759 317 1825 inomni
341 1759 553 1846 oportunitate
576 1758 738 1825 auxilium.

146 1874 243 1942 Prius
272 1876 399 1962 quidem
426 1874 603 1962 preclaram
625 1874 824 1941 nobilitatem
849 1878 938 1942 tuam
959 1881 1025 1942 tam
1048 1896 1087 1943 ex
1108 1874 1233 1944 vinculo

53 1992 257 2078 cognationis
281 2012 376 2079 quarn
404 2012 444 2059 ex
466 1990 579 2059 affectu
607 1990 786 2077 adeptionis
814 1991 987 2078 plurimum
1010 1990 1232 2078 diligebamus3
1349 2004 1353 2015 ’

53 2114 106 2176 set
128 2114 188 2175 tua
209 2106 297 2193 fides,
320 2114 376 2175 tua
390 2107 504 2195 pietas,
527 2112 583 2175 tua
598 2107 733 2193 devote,
756 2112 813 2174 tua
826 2107 1010 2194 liberalitas,
1034 2130 1129 2195 quam
1143 2109 1233 2177 nobis

53 2224 199 2293 officiose
222 2224 402 2309 exhibuisti,
424 2228 501 2291 tunc
522 2224 653 2309 scilicet,
677 2224 801 2311 quando
818 2246 932 2292 manus
947 2224 1077 2293 Domini
1100 2232 1133 2294 et
1146 2225 1233 2293 infir-

53 2342 173 2409 mitate
195 2340 350 2429 corporali
366 2344 399 2408 et
412 2362 519 2408 rerum
536 2342 742 2409 incommodis
758 2362 816 2409 nes
831 2340 988 2409 afflixerat
1003 2347 1036 2409 et
1049 2342 1234 2410 humiliave-

52 2465 125 2543 rat,
152 2463 278 2525 tantum
300 2456 446 2525 arderem
469 2464 595 2525 sanctae
619 2457 759 2525 caritatis
781 2460 817 2525 in
838 2464 947 2526 nostra
968 2464 1074 2526 mente
1096 2460 1234 2527 circata

54 2576 269 2660 adauxerunt,
281 2572 684 2660 nteamnulladifficnltas,
696 2572 819 2642 nullum
832 2573 1233 2661 pericnlum,nnllarerum

55 2693 199 2759 varietas
221 2692 324 2779 possit
340 2690 532 2775 extinguere.
568 2690 617 2758 Ita
632 2691 731 2775 igitur
744 2691 779 2756 in
795 2691 933 2757 animum
949 2697 1093 2758 nostrum
1107 2691 1233 2758 induxi-

54 2830 147 2894 mus,
176 2810 225 2875 ita
245 2808 280 2874 in
302 2800 395 2873 corde
417 2813 525 2874 nostro
549 2807 635 2873 omni
658 2805 863 2891 ambiguitate
885 2814 1007 2874 remota
1027 2804 1233 2893 firmavimus,

54 2930 93 2993 ut
110 2962 154 2972 -
172 2924 298 2992 etiamsi
318 2923 407 2991 nulla
427 2924 553 3008 federis,
576 2922 665 2990 nulla
687 2924 813 2990 artioris
837 2924 998 2992 amiciciae
1019 2924 1130 3009 religio
1151 2925 1234 2992 inter

53 3062 116 3110 nes
133 3046 166 3109 ct
177 3041 349 3125 gloriosum
361 3044 393 3108 et
403 3039 700 3127 predilectissimum
711 3040 843 3108 fratrem
854 3046 1008 3127 noenum,
1023 3047 1114 3108 tuum
1125 3040 1235 3126 utique

54 3160 222 3242 maritum,
244 3154 447 3242 magnificum
473 3163 506 3223 et
528 3156 685 3224 excelsum
708 3155 881 3224 Grecorum
907 3160 1147 3246 imperatorem,
1177 3157 1234 3226 ali-

55 3274 188 3362 quando
199 3273 428 3341 intercessisset
441 3308 482 3319 -
495 3273 600 3360 parati
610 3278 718 3339 tamen
729 3279 760 3341 et
770 3274 885 3341 intenti
897 3295 1047 3360 essemus,
1059 3296 1117 3342 sua
1128 3277 1235 3343 emnia

55 3398 215 3477 tanquam
236 3394 345 3456 nostm
367 3386 508 3475 diligere,
532 3390 597 3456 suis
618 3390 755 3457 inimicis
778 3396 930 3477 tanquam
944 3392 1061 3459 nostris
1075 3393 1232 3461 resistere.

150 3506 250 3574 Porro
271 3508 307 3574 in
329 3508 532 3574 conventione
555 3506 656 3592 pacti,
680 3526 760 3593 quae
781 3507 944 3575 internos
967 3514 999 3575 et
1020 3510 1126 3597 ipsum
1148 3511 1234 3577 omni

55 3644 133 3691 cum
156 3621 370 3690 benivolentia
383 3620 509 3689 firmata
524 3627 582 3707 est,
606 3623 747 3690 condicio
764 3625 942 3692 necessaria
956 3625 1143 3713 interposita
1157 3626 1232 3693 fuit:

56 3740 148 3828 quod
169 3738 289 3806 scilicet
311 3760 358 3825 ea,
382 3760 462 3826 quae
475 3740 697 3827 prenominata
712 3744 743 3807 et
756 3741 935 3828 prescripta
947 3742 1084 3826 fuerant,
1108 3742 1234 3829 utrique

56 3855 301 3943 compleremus,
324 3856 386 3923 uisi
407 3854 487 3923 alter
500 3854 551 3924 vel
566 3861 698 3943 uterque
720 3862 865 3923 uestrum
878 3862 980 3925 morte
996 3879 1051 3925 seu
1073 3860 1162 3943 gravi
1184 3859 1233 3924 in-

57 3974 211 4041 firmitate
232 3972 282 4039 vel
305 3972 471 4040 amittendi
484 3973 611 4060 imperii
625 3972 765 4061 periculo
785 3974 819 4040 id
834 3972 985 4061 perficere
997 3973 1232 4061 prohiberetur3

57 4097 167 4177 atque,
190 4092 351 4157 transacta
364 4088 420 4156 illa
433 4095 500 4157 tam
515 4090 605 4174 gravi
625 4095 657 4157 et
673 4095 740 4156 tam
754 4110 819 4157 non
833 4090 1021 4176 negligenda
1034 4089 1232 4174 necessitate,

58 4207 101 4275 ad
117 4206 306 4274 observandi
322 4210 354 4272 et
367 4205 509 4293 inplendi
523 4206 661 4272 studium
677 4207 777 4273 denuc
795 4208 1037 4292 accingeremur.
1056 4204 1147 4273 Nunc
1158 4226 1232 4289 ergo

57 4322 131 4408 tibi,
146 4328 297 4410 tanquam
311 4322 499 4391 karissimae
513 4320 596 4391 filiae
610 4328 738 4391 rosnae
760 4328 792 4391 et
807 4324 934 4411 imperii
947 4323 1049 4391 nestri
1069 4327 1232 4409 cognatae,

59 4460 173 4509 causas
192 4439 393 4508 familiariter
416 4446 448 4507 et
468 4440 605 4509 breviter
627 4440 815 4527 aperiemus,
838 4460 897 4527 pro
920 4439 1034 4531 quibus
1055 4439 1090 4506 in
1108 4437 1233 4527 Longo-
