3117 4859
406 271 555 319 winsnnr
575 269 764 319 mersiones
785 269 839 318 set.
856 269 909 318 sss.
1104 243 1108 252 ’
1178 255 1244 322 481

159 411 227 498 Ipsi
245 409 335 479 vobis
357 411 542 480 fidelitatem
563 413 713 480 iurabunt
734 433 806 480 cum
827 411 980 480 benedicio
1003 414 1245 499 quingentarum
1255 418 1413 476 lito-1151

61 527 235 612 librarum,
251 529 422 596 secundum
437 530 520 615 quod
534 535 764 597 consueverunt
775 528 910 596 Romani
923 530 1031 597 iurare
1045 528 1246 617 pontificibus

62 645 231 712 Romanis.
255 644 395 724 Quatuor
410 646 449 714 de
462 645 579 734 populo
594 665 652 734 per
665 665 921 733 unamquamque
935 645 1120 714 contradam
1129 646 1248 714 facient

64 761 178 829 iurare
205 763 407 830 securitatem
435 766 467 828 et
494 781 606 850 pacem
626 763 716 830 vobis
739 767 772 830 et
793 763 888 830 rebus
910 764 1025 831 vesnia
1047 767 1081 830 et
1102 762 1248 830 omnibns

66 878 233 946 aecclesiis
257 883 290 946 et
311 879 455 947 omnibns
478 878 519 946 ad
539 884 679 946 vestram
700 880 822 947 curiam
838 881 1038 947 uenientibus
1059 886 1092 948 ot
1112 880 1248 948 redeun-

65 996 168 1080 tibus,
192 1001 225 1062 et
245 997 389 1082 personis
412 1000 445 1064 et
465 996 559 1064 rebus
583 997 802 1084 episcoporum
822 1001 855 1064 et
869 997 1086 1064 cardinalium.
1117 992 1249 1083 Regalia

66 1113 163 1180 vobis
185 1113 307 1197 integre
328 1114 505 1197 restituent,
530 1117 660 1199 excepto
683 1114 767 1199 quod
788 1114 822 1180 in
839 1113 958 1181 liciano
981 1119 1014 1181 et
1027 1113 1165 1180 Maliano
1190 1133 1248 1180 arx

65 1249 137 1296 non
159 1227 224 1296 liat
254 1227 424 1296 Pecuniam
447 1228 585 1300 ablutam
608 1229 766 1297 aecclesiis
782 1237 815 1298 et
828 1229 996 1316 regalibus,
1019 1235 1153 1318 excepta
1167 1249 1249 1317 quae

68 1365 213 1433 expensa
240 1350 289 1412 est
312 1346 348 1412 in
369 1365 483 1430 guerra
503 1345 652 1432 Biterrii‚
682 1346 763 1413 bona
783 1345 848 1414 ide
867 1365 1054 1434 recuperare
1077 1346 1249 1414 studebunt

69 1469 106 1531 et
119 1462 263 1530 reddent.
293 1461 507 1530 Fortitudines
523 1483 631 1530 omnes
647 1467 738 1531 extra
751 1462 869 1531 Urbem
882 1462 1025 1531 reddent.
1054 1461 1247 1530 llunitiones

69 1577 184 1646 Sancti
198 1577 343 1664 Gregorii
366 1586 398 1647 et
418 1579 532 1648 turrim
550 1579 590 1647 de
605 1579 740 1648 Sclaceis
757 1578 877 1647 dabunt
890 1579 931 1647 ad
945 1579 1117 1647 tenendum
1130 1579 1248 1647 talibus

68 1695 264 1781 hominibus,
287 1696 342 1782 qui
361 1696 450 1764 vobis
472 1696 628 1784 placeant,
651 1702 684 1764 et
704 1696 768 1763 illle
790 1717 890 1783 nsque
911 1698 953 1764 ad
975 1701 1110 1784 quatuor
1132 1715 1246 1780 annos3

70 1812 190 1899 quibus
217 1812 367 1900 expletis,
395 1813 567 1880 reddentur
595 1813 731 1880 dominis
758 1814 839 1897 snis;
869 1818 903 1881 et
923 1813 953 1880 si
973 1813 1106 1881 Romam
1127 1813 1249 1880 reversi

70 1929 215 2013 fueritis,
243 1930 291 1996 ita
316 1948 390 1996 cum
412 1929 457 1996 eis
480 1950 574 2015 agere
595 1931 756 2016 poteritis,
787 1929 871 2017 quod
891 1951 956 1996 non
977 1931 1169 1998 tenebuntur
1190 1949 1249 2017 per

69 2045 216 2112 modium
237 2065 364 2112 annum
409 2046 452 2113 Et
472 2053 596 2134 rogant,
623 2054 659 2115 ut
680 2067 791 2134 pacem
814 2047 853 2113 de
874 2046 1014 2114 Bitervio
1036 2067 1109 2114 cum
1130 2047 1249 2113 bonore

70 2167 182 2230 vestro
210 2169 242 2230 et
262 2161 358 2232 Urbis
387 2169 420 2230 et
446 2169 590 2250 senatus,
621 2165 702 2232 sicut
723 2169 816 2252 pater
838 2170 871 2232 et
893 2164 1053 2249 dominus,
1082 2169 1115 2230 et
1136 2183 1250 2249 pacem
1398 2192 1404 2200 ·

70 2280 161 2346 inter
174 2277 292 2346 Urbem
306 2283 340 2346 et
354 2284 454 2364 extra,
477 2279 512 2346 in
527 2287 680 2368 quantum
693 2280 837 2367 potestis,
859 2279 1062 2367 provideatis.
1094 2277 1250 2365 Quicquid

71 2395 166 2464 robis
189 2396 229 2463 de
250 2396 300 2462 his
321 2395 486 2483 placuerit,
509 2397 600 2465 nobis
615 2399 723 2465 statim
737 2396 919 2464 rescribite·
935 2444 1069 2462 ......
1103 2393 1147 2462 Et
1165 2395 1251 2461 inter

71 2512 235 2601 predictos
256 2512 406 2580 iurabunt
427 2511 584 2599 Nicolans,
609 2514 727 2602 Syxtus
751 2520 783 2581 et
804 2511 917 2598 Gnido,
940 2517 1126 2599 recuperata
1147 2510 1251 2596 gratia

71 2633 184 2697 vestra
204 2629 350 2718 precibus
373 2635 563 2698 senatorum.

76 2841 169 2916 348.
188 2843 351 2933 Eupeoior
364 2843 419 2912 ΙΠ
430 2869 521 2934 popa
540 2845 768 2914 Colooimeibar
782 2843 957 2910 Arnoldom
976 2841 1250 2930 aremeporopmn,

191 2987 211 3028 a
225 2987 257 3028 se
273 2973 481 3029 consecratori
490 2962 652 3050 pallioque
667 2961 825 3042 demtum,
841 2959 1042 3026 commendet.
1091 2953 1147 3038 (ll
1160 2955 1251 3038 326.)

167 3094 327 3180 Eugenius
349 3096 646 3183 episcopusservus
662 3113 825 3162 servorum
839 3093 901 3160 Dei
915 3092 1038 3159 dilectis
1052 3089 1127 3157 liliis
1142 3088 1253 3173 Gu(al-
1271 3106 1340 3163 1162

73 3211 160 3294 tero)
183 3211 354 3300 preposito,
376 3211 413 3278 F.
430 3212 558 3298 decano,
582 3209 863 3297 archidiaconibus,
885 3209 1044 3298 prioribus
1060 3214 1092 3276 et
1104 3207 1252 3275 universo
1267 3181 1339 3229 Μ
1399 3273 1406 3282 ,

74 3328 163 3397 clero
197 3347 234 3394 ac
260 3328 377 3416 populo
405 3328 600 3397 coloniensis
629 3327 799 3396 aecclesiae
826 3326 960 3395 salutem
987 3331 1020 3394 et
1046 3323 1253 3414 apostolicam

73 3443 338 3515 benedictionem.

169 3561 356 3630 Venientem
379 3561 419 3628 ad
442 3559 731 3648 apostolicaesedis
749 3559 948 3627 clementiam
962 3555 1174 3626 venerabilem
1187 3556 1253 3623 fra·

74 3686 162 3748 trem
183 3684 327 3746 nostrum
341 3677 543 3762 A(rnoldum)
567 3675 701 3743 electum
722 3681 864 3743 vestrum
878 3713 921 3724 -
937 3695 1010 3743 oum
1032 3673 1156 3741 dilectis
1177 3670 1253 3738 filiis

74 3797 214 3881 norun,
242 3793 414 3878 wlibaldo)
436 3765 629 3860 Gorbeiensi‘
642 3789 799 3874 nocuo)
821 3791 1022 3877 suosque
1045 3796 1077 3858 e
1099 3787 1256 3871 roomo-

75 3913 159 3997 rico)
189 3911 358 4000 Campensi
384 3909 548 3978 abbatibus
582 3914 675 3995 atque
709 3909 861 3992 magistro
890 3907 1065 3991 ll(einrico)
1093 3903 1254 3971 karissimi

76 4030 139 4098 filii
160 4030 263 4096 nostri
284 4027 446 4112 Glonradi)
469 4025 682 4093 Romanorum
702 4024 787 4108 regis
809 4024 949 4108 notario,
975 4023 1016 4090 A.
1037 4020 1200 4110 preposito
1221 4024 1256 4086 et

79 4145 259 4230 Giualtero)
272 4145 388 4213 decano
396 4140 828 4212 SanctiGereonis-debita
836 4141 1031 4225 benignitate
1042 4135 1254 4223 suscepimus3

78 4269 113 4333 st
136 4263 331 4348 electionem,
359 4279 455 4348 quam
476 4259 516 4327 de
536 4260 607 4348 ipso
629 4265 792 4348 tamquam
813 4253 854 4327 de
873 4255 1024 4346 prudenti
1046 4259 1080 4324 et
1099 4251 1256 4322 industrio

153 4419 176 4455 ι.
197 4407 297 4468 sequior
312 4407 399 4453 lamo
413 4405 499 4469 algua
514 4405 538 4451 ln
553 4401 605 4451 eod.

126 4492 207 4546 turri.
224 4495 368 4541 Bibliotheca
382 4494 401 4539 l.
1005 4485 1041 4543 31
