3117 4859
409 266 559 315 umnam
579 266 766 317 mrsuomn
787 266 841 316 na.
858 266 911 315 ns
1181 250 1247 319 Μ

74 404 232 490 luimus,
255 410 292 473 ut
312 407 488 494 predictum
511 413 569 494 est,
591 414 715 477 vestrae
737 408 921 477 dimrefioni
936 428 1113 494 suggerere,
1135 409 1335 478 mad-114⁷

73 542 182 591 versus
205 523 333 591 decreta
346 522 480 591 Romani
501 523 659 613 pontilicis
677 531 709 593 et
724 530 835 594 conta
847 531 999 614 precepta
1012 525 1133 593 domini
1146 528 1248 593 nostri
1270 488 1328 535 ΝΜ

72 638 155 723 rema
178 639 214 705 in
235 640 415 709 defensione
435 661 589 729 personae
603 641 688 709 illius
704 647 790 711 stare
804 641 998 709 videremini
1029 642 1247 729 Rescripsistis

71 755 173 840 nobis,
198 756 228 823 si
249 757 328 825 bene
350 757 528 843 recolimus,
551 759 635 845 quod
656 758 798 833 membro
813 757 1009 827 (boloniensis
1028 759 1178 827 ecclesiae
1193 759 1247 825 de·

72 892 140 939 ease
168 893 235 939 non
262 874 397 961 possetis
407 870 423 940 ¹.
469 873 565 943 Venit
591 881 698 943 tamen
724 874 782 941 illa
804 875 966 944 Treverim
992 876 1033 943 ad
1054 875 1248 963 presentiam

71 988 182 1055 domni
203 1010 306 1079 papae
328 992 397 1059 sine
419 990 518 1077 vobis,
542 998 574 1059 et
596 998 749 1078 quantum
771 993 876 1078 potuit
897 993 931 1059 in
952 1012 1011 1060 nos
1034 992 1108 1079 egit,
1131 992 1247 1060 verita·

70 1110 133 1171 tem
158 1110 268 1173 tacem
292 1111 324 1174 et
345 1106 543 1175 mendacium
564 1108 704 1195 loquens.
742 1106 800 1175 Set
820 1108 953 1176 domnus
973 1128 1068 1196 papa,
1090 1128 1148 1195 per
1162 1106 1247 1175 litte-

70 1240 122 1289 ras
145 1227 274 1291 nostros
288 1224 422 1293 veritate
444 1229 615 1312 comperta,
637 1221 767 1311 prefixit
788 1225 879 1292 uobis
894 1226 1004 1312 stipsi
1018 1225 1103 1293 diem
1118 1223 1247 1291 audien·

69 1338 134 1406 tiae
156 1339 194 1405 in
216 1340 348 1408 coneilio
362 1340 519 1409 Remensi.
556 1339 622 1407 Noa
636 1340 791 1426 venimus,
814 1341 871 1409 illa
891 1362 955 1409 non
970 1341 1066 1410 venit
1101 1339 1247 1426 Laqueus
1293 1354 1363 1410 1118

68 1455 228 1523 contritus
251 1462 310 1542 eat
332 1462 365 1526 et
380 1477 438 1524 nos
453 1456 579 1525 liberati
593 1450 729 1525 sumus'.
761 1454 905 1525 Domnus
919 1478 1005 1546 papa
1018 1457 1249 1545 depositionem
1264 1428 1392 1489 ''MP‘'

68 1590 162 1637 snam
185 1571 311 1641 decreto
334 1572 541 1659 confirmavit,
564 1574 842 1661 etpossessiones,
866 1594 944 1660 quas
966 1574 1023 1640 illa
1045 1573 1248 1658 alienaverat,

66 1688 264 1755 momderio
287 1688 345 1756 sub
368 1690 577 1759 anathematis
598 1690 855 1758 interminatione
869 1691 1018 1757 restituit
1052 1688 1127 1774 Nos,
1150 1691 1249 1757 irater

66 1802 251 1890 karissime,
273 1826 428 1874 memores
448 1826 511 1874 non
527 1826 645 1892 sumus,
669 1808 745 1893 qnid
759 1807 921 1875 vobiscum
935 1826 994 1894 pro
1010 1826 1058 1890 ea,
1080 1812 1249 1893 postquam

67 1920 237 1989 tTreveri
258 1924 398 2008 recessit,
421 1924 489 1991 aive
510 1923 714 2012 perverbum
737 1925 805 1991 sive
827 1943 885 2010 per
902 1922 1027 1990 litteras
1042 1923 1249 2011 spoponderi-

66 2058 152 2122 mus,
171 2057 245 2105 cum
260 2044 371 2107 nostra
384 2040 542 2127 promissa
555 2041 738 2108 memoriter
753 2040 920 2109 observare
935 2040 1101 2109 soleamus.
1125 2039 1246 2107 Valete.

72 2276 162 2349 144.
184 2282 347 2348 Corra-udus
372 2280 429 2347 ΙΙΙ
453 2304 511 2349 rec
537 2280 678 2348 Ws'buldc
712 2282 751 2347 de
779 2284 962 2371 propinqua
990 2305 1050 2348 auso
1074 2283 1249 2347 secerneres

183 2398 348 2488 affluat.
1090 2394 1144 2477 (11.
1161 2397 1248 2478 aaa.)

161 2528 347 2595 (iuonradus
370 2527 430 2595 Dei
458 2529 561 2613 gratia
582 2528 796 2596 Romanorum
823 2548 881 2596 rex
903 2535 1055 2613 augustus
1075 2527 1248 2596 venerabili
1267 2536 1336 2591 1148

67 2644 219 2715 wiboldo
242 2644 424 2713 corbeiensi
446 2645 554 2712 abbati
575 2646 712 2729 gratiam
734 2664 825 2713 suam
848 2650 880 2712 et
902 2665 995 2713 omne
1016 2645 1143 2712 bonum.

161 2760 253 2841 Quod
276 2760 413 2829 maxime
435 2761 475 2828 de
496 2760 587 2829 nobis
610 2766 641 2829 to
664 2760 844 2828 desiderare
865 2762 1083 2845 cognovimns,
1113 2762 1152 2827 de
1173 2780 1248 2847 pro-
1364 2795 1368 2801 .

68 2880 225 2968 speritate
239 2876 387 2945 videlicet
408 2882 508 2944 status
531 2878 642 2963 nocui,
665 2876 725 2944 boc
746 2878 893 2964 primitus
915 2878 975 2944 tibi
997 2875 1174 2961 significare
1191 2896 1248 2963 op-

67 3001 246 3083 portunum
261 2994 416 3061 duximus.
449 2992 526 3060 Sani
540 2994 696 3079 siquidem
710 2993 770 3060 Dei
786 2993 1003 3061 misericordia
1017 3014 1135 3078 sumus,
1149 3012 1248 3059 naves

68 3112 207 3179 redituri
229 3110 263 3176 in
284 3110 364 3177 festo
382 3111 491 3177 beatae
505 3108 624 3177 Mariae
639 3111 673 3177 in
689 3108 874 3197 Septembre
888 3110 1087 3195 intravimus,
1110 3110 1247 3197 peractis
1265 3125 1354 3186 sepas

69 3228 230 3311 omnibns,
254 3246 334 3313 quae
354 3228 388 3293 in
403 3227 547 3315 partibus
562 3226 625 3294 illis
640 3226 691 3294 vel
706 3227 793 3294 Deus
809 3225 909 3293 voluit
922 3225 973 3293 vel
987 3226 1130 3293 homines
1144 3231 1248 3295 terrae

69 3344 295 3432 permiserant.
326 3343 373 3410 De
390 3342 568 3410 bominibus
585 3344 668 3411 enim
687 3344 836 3410 dicimus:
861 3342 940 3409 Cum
955 3341 1146 3409 Damascum
1163 3362 1248 3408 com-

69 3460 161 3526 muni
191 3459 321 3526 comilio
343 3459 538 3527 venissemus
568 3465 600 3527 et
628 3464 733 3526 castra
760 3464 835 3526 aute
863 3464 988 3546 portam
1015 3459 1153 3526 civimtis
1175 3478 1248 3525 cum

68 3594 188 3660 magno
210 3580 391 3643 neruorum
414 3576 594 3643 discrimine
615 3575 808 3643 locassemus
830 3581 863 3642 et
883 3576 948 3642 iam
970 3596 1070 3662 prope
1093 3579 1186 3659 esset,
1211 3580 1248 3641 ut

69 3694 140 3759 sine
164 3692 252 3758 omni
275 3693 479 3777 ambiguitate
502 3692 613 3759 civitas
636 3697 818 3779 caperetur,
841 3691 987 3777 traditio,
1011 3692 1166 3777 aquibus
1187 3690 1247 3756 mi-

69 3809 157 3874 nime
181 3807 337 3893 saumas,
366 3810 400 3875 in
421 3809 504 3875 bunc
527 3808 655 3875 modum
676 3808 761 3875 faeta
784 3812 847 3893 est,
873 3808 958 3893 qnod
978 3807 1041 3895 ipsi
1062 3808 1097 3873 in
1120 3828 1157 3875 eo
1178 3804 1247 3872 loco

71 3925 235 3991 civitatem
257 3924 535 4012 inexpugnabilem
549 3946 618 3991 csse
634 3924 817 3993 asserebant
831 3928 864 3991 et
877 3944 918 3991 er
932 3924 1089 3992 industria
1102 3924 1137 3991 in
1152 3921 1248 3989 aliam

71 4046 213 4129 partem,
241 4040 296 4108 nbi
317 4060 375 4109 nec
397 4062 479 4128 aqua
502 4042 654 4109 exercitui
676 4042 865 4129 suppetebat
885 4062 944 4109 nec
966 4060 1109 4109 accessus
1133 4039 1247 4125 aliquis

145 4200 171 4253 1.
196 4198 269 4253 llinc
286 4197 480 4270 intelligimus,
504 4198 668 4255 Tieboldum
687 4196 875 4269 praepositum
893 4196 1098 4255 (boloniensium
1116 4194 1246 4252 ecclesia·

73 4300 134 4343 rum
151 4304 236 4343 unam
255 4288 373 4357 remae,
395 4293 425 4344 et
441 4287 468 4344 S.
482 4287 606 4345 Severini
625 4288 736 4359 quidem
754 4286 914 4356 ecclesiam,
938 4291 971 4341 ut
992 4286 1083 4355 liquet
1104 4300 1140 4343 ex
1162 4284 1248 4340 variis

73 4376 177 4434 tabulis
195 4392 240 4447 ap.
253 4376 414 4436 Luoomblet
431 4374 658 4435 Urlsundenbucb
676 4376 697 4431 l.
771 4376 798 4431 2.
816 4376 864 4432 Pa.
876 4378 936 4445 123,
949 4376 975 4431 l.

119 4472 200 4527 ami.
217 4476 361 4522 annonae·
375 4476 393 4521 1.
999 4473 1034 4529 15
