3117 4859
395 284 544 334 wmsunr
564 282 751 333 mmuonsn
771 282 826 330 aas.
840 281 895 330 ses.
915 269 918 275 “
1162 266 1229 333 411

57 424 235 495 medeam
247 426 356 495 domni
369 428 453 511 regis
468 426 602 511 habetis,
624 424 750 513 plaeere
765 426 972 493 studeremus.
999 425 1065 493 Nos
1079 426 1232 495 honorem
1249 434 1319 491 1150

57 548 202 611 vestrum
223 544 296 632 plus
319 543 494 629 diligentes,
518 564 613 629 quam
635 543 844 631 petitionibus
867 564 975 611 eorum
996 543 1230 629 adquiescentes
1370 624 1373 627 ‚

57 681 117 729 ssu
137 662 389 729 inoommoditati
411 661 529 748 eaptivi
551 660 637 727 illius
659 661 896 748 compatientes,
918 680 1082 728 monemus
1103 659 1231 727 eelsitu-

58 777 168 847 dinom
194 784 350 863 vestram,
377 783 413 845 ut
440 778 537 845 verba
562 777 684 845 insulsa
712 777 819 845 stolidi
848 783 880 846 et
906 777 1068 853 temerarii
1093 776 1231 845 hominis
1348 756 1354 763 ’

56 898 185 963 tantum
206 896 329 981 pondus
353 896 388 961 in
409 894 503 963 oorde
518 899 622 962 vestro
642 915 706 962 non
728 894 875 963 habeant
908 893 998 963 Lioet
1013 896 1098 963 enim
1112 866 1231 982 p'roeax

57 1012 103 1079 sit
132 1016 165 1079 et
190 1011 311 1079 insulsa
337 1012 436 1080 verba
462 1012 617 1099 proferet,
652 1016 760 1079 tamen
786 1012 949 1096 regnantis
976 1011 1125 1079 maiestas
1154 1032 1231 1098 quo·

56 1128 228 1197 dammodo
251 1128 366 1197 offendi
387 1129 512 1197 ridetur
533 1129 568 1195 in
591 1150 638 1215 eo,
661 1128 745 1214 quod
765 1133 875 1216 eaptus
889 1130 925 1196 in
938 1127 1073 1197 vinculis
1089 1129 1230 1216 tproxi·

56 1245 121 1313 mis
142 1244 256 1313 ricinis
278 1250 412 1313 tenetur.
446 1244 537 1313 Unde
558 1264 706 1330 rogamus
728 1246 1002 1313 mansuetudinem
1022 1250 1172 1331 restam,
1194 1250 1232 1314 ut

54 1380 118 1449 pro
141 1360 262 1429 domini
282 1363 384 1430 nostri
405 1364 489 1448 regis
511 1364 629 1430 honore
651 1367 683 1430 et
697 1366 803 1429 vestra
822 1362 1067 1431 elementissimo
1079 1364 1231 1448 bonitate,

55 1482 169 1547 nostre
192 1500 314 1566 quoque
336 1480 448 1547 humili
469 1480 703 1564 intercessione,
726 1480 961 1548 misericordiae
975 1486 1099 1549 restrae
1121 1500 1232 1548 eurem
1322 1498 1326 1510 ¹

54 1596 205 1683 prouibus
230 1597 347 1665 nostris
370 1596 543 1683 inclinetis,
572 1602 604 1665 et
625 1597 799 1682 hominem,
830 1598 914 1684 quod
935 1598 1002 1666 solo
1024 1596 1120 1665 verbo
1141 1601 1231 1686 pote-

54 1712 127 1797 stis,
150 1732 173 1779 a
192 1713 327 1783 vineolis
350 1713 537 1799 absolutum,
560 1714 694 1782 liberum
716 1735 785 1782 esse
806 1714 951 1783 iubentis.
987 1715 1124 1803 Tempus
1146 1715 1232 1782 enim

54 1830 127 1915 erit
151 1830 277 1915 quaudo
300 1832 485 1919 oportunius
507 1832 547 1899 ds
567 1832 685 1899 inimia
699 1832 789 1900 vobis
813 1831 853 1899 ab
869 1833 941 1920 ipso
954 1832 1046 1901 illata
1058 1832 1231 1901 vindictam

52 1966 223 2034 reposeens
243 1950 398 2036 poteritis.
1203 1940 1205 1943 ⁴

56 2178 147 2253 284.
166 2181 327 2249 Widoldas
338 2183 478 2249 Amoldo
493 2186 672 2271 praeposito
685 2184 860 2249 Coloniensi
874 2194 903 2249 et
915 2186 1021 2272 reyiae
1036 2187 1142 2253 me
1156 2208 1232 2251 eoas·
1345 2205 1348 2211 “

170 2300 295 2367 aedesio
318 2301 437 2383 scribit,
461 2300 544 2365 diem
565 2311 693 2383 statuat,
718 2323 779 2390 qao
803 2323 872 2366 eam
894 2303 1066 2384 eoaoeaiot,
1090 2313 1125 2368 ot
1146 2303 1231 2389 layo·

169 2418 261 2482 tinais
292 2417 506 2503 &sapiendae
536 2439 632 2483 eausa
671 2418 716 2481 ud
749 2419 869 2483 moriam
895 2418 1147 2485 Rotisboaeaaem
1182 2418 1232 2485 die

168 2532 214 2599 29
230 2532 418 2620 Septentrio
440 2534 623 2599 eoaiaaeam
646 2544 818 2599 oenorruat.
1069 2531 1123 2614 (M.
1141 2534 1231 2616 263.)

145 2665 321 2734 Rarissimo
336 2666 462 2734 domiuo
478 2670 510 2733 et
525 2667 625 2733 amieo
640 2686 697 2733 sno
712 2665 880 2750 Abnoldo)
895 2668 1023 2733 sanetae
1037 2666 1232 2735 Coloniensis
1284 2676 1356 2733 1150

54 2785 208 2853 ecelesiae
230 2784 343 2851 maiori
364 2782 527 2872 preposito
544 2784 651 2867 regiae
665 2784 770 2851 eumne
786 2784 972 2851 cancellario
987 2784 1085 2851 trater
1098 2783 1231 2867 Wtibal·
1249 2751 1386 2875 *iffi

55 2902 127 2985 dus)
151 2900 214 2969 Dei
241 2900 345 2986 gratia
371 2900 421 2986 id,
453 2900 535 2986 quod
564 2904 614 2969 est
638 2900 672 2967 in
694 2898 846 2967 aeeclesia
866 2900 1036 2985 catholiea,
1064 2920 1098 2969 se
1120 2906 1152 2971 et
1174 2922 1232 2971 sne

53 3018 213 3087 universa

146 3134 301 3203 Tenorem
334 3129 529 3201 litterarum¹
560 3132 681 3201 domini
713 3133 815 3201 nostri
846 3134 931 3218 regis
958 3139 1027 3202 tam
1054 3156 1094 3202 ex
1120 3142 1230 3203 nostro

50 3252 171 3321 nuneio
195 3271 290 3337 quam
313 3271 353 3317 ex
374 3249 536 3337 capellano
560 3250 701 3319 eiusdem
723 3251 844 3317 domini
866 3252 982 3337 nostri,
1005 3252 1087 3320 siout
1108 3254 1231 3341 aeoepi·

50 3389 137 3454 mus,
161 3366 253 3455 pleno
274 3366 486 3435 intellexistis.
519 3365 619 3435 Porro
640 3388 697 3435 nos
721 3367 796 3435 lieet
817 3367 851 3434 in
872 3364 948 3435 hao²
971 3375 1004 3438 at
1024 3370 1059 3437 in
1074 3369 1232 3439 Saxonien

52 3492 143 3555 terra
169 3484 317 3553 maximis
341 3488 374 3552 et
394 3484 589 3569 gravissimis
612 3485 696 3553 euris
719 3491 912 3571 tentemur,
940 3485 1015 3553 lieet
1036 3488 1151 3555 frates
1173 3508 1230 3554 no·

50 3608 138 3671 siros
162 3602 197 3668 in
224 3601 395 3669 defectibus
419 3622 499 3688 pene
520 3601 772 3670 intolerabilibus
795 3602 1025 3688 relinquamus,
1048 3608 1165 3689 tamen,
1188 3625 1230 3671 ne

49 3722 230 3807 imputetur
259 3718 368 3803 uobis,
398 3718 483 3805 quod
509 3720 610 3786 bonor
636 3725 669 3787 et
693 3718 831 3803 dignitas
854 3724 886 3786 et
907 3726 1074 3807 proveetus
1095 3720 1230 3788 Romani

49 3834 184 3924 imperii
205 3854 263 3922 per
284 3856 342 3903 nos
364 3838 557 3923 impediatur
578 3840 634 3903 eut
654 3837 843 3922 retardetur,
866 3838 971 3925 parati
993 3856 1100 3903 sumus
1118 3836 1229 3904 volun-

50 3954 115 4021 tati
142 3951 263 4019 domini
287 3954 390 4019 nostri
412 3953 620 4038 retonare,
638 3953 699 4019 etsi
719 3975 783 4022 non
805 3954 978 4021 seeundum
999 3955 1104 4039 regiae
1127 3953 1230 4037 digni·

50 4070 130 4139 tetis
159 4068 395 4155 excellentiam,
423 4074 530 4137 tamen
555 4090 613 4157 pro
636 4072 856 4158 possibilitatis
878 4077 1005 4139 nostrae
1026 4074 1176 4158 prompta
1197 4075 1230 4139 et

52 4186 230 4255 abundanti
256 4186 478 4255 benivolentia
525 4187 636 4255 Tutius
665 4190 750 4257 onim
771 4189 831 4256 hoe
852 4194 995 4276 tompore
1018 4192 1050 4255 et
1066 4184 1229 4269 salubrius

126 4328 152 4381 1.
176 4325 210 4384 V.
225 4342 269 4397 ep.
281 4326 335 4382 280
351 4342 436 4395 supra
452 4341 480 4397 p.
493 4326 556 4383 408.
626 4328 651 4383 2.
674 4343 708 4386 eo
726 4328 920 4401 insumimus,
943 4327 1016 4385 bene
1032 4327 1179 4399 epistolam
1196 4328 1227 4385 in

51 4415 223 4475 monsstefio
240 4414 398 4473 stabulensi
418 4416 550 4489 scriptam
570 4431 640 4475 esse.
