3117 4859
322 256 388 324 206
655 274 805 323 wmsnnr
826 272 1013 323 samsones
1034 272 1087 319 ras.
1104 272 1157 319 rao.

326 414 412 489 128.
432 416 601 497 Foldeases
622 418 798 485 Wboldom
821 429 1008 507 praecator,
1037 428 1072 483 ot
1100 418 1219 485 obbatis
1240 416 1377 502 stipendi
1399 436 1491 480 corso

432 534 482 601 die
503 534 526 600 4
548 534 733 601 Novembris
755 537 800 601 od
819 560 852 601 se
873 537 984 604 omiot.
1328 529 1387 615 (bl.
1408 533 1478 597 107
1479 534 1490 613 )

233 670 303 727 1148
408 665 576 749 Wlibaldo)
610 672 738 735 sanctae
767 668 966 736 Gorbeiensis
999 665 1169 733 aecclesiae
1200 663 1350 749 religioso
1387 665 1494 732 abbati

265 748 435 868 ceuigua
455 782 621 851 Fuldensis
650 786 867 870 congregatio,
897 783 934 851 G.
957 783 1126 851 advocatus
1155 783 1344 849 cumomni
1372 781 1496 848 familia

320 901 421 969 sancti
442 900 597 968 Bonifaoii
619 902 841 969 devotissimae
863 900 1024 968 servitutis
1046 905 1079 967 et
1100 899 1252 967 orationis
1274 899 1441 985 obsequia

410 1016 564 1097 Quoniam
590 1018 625 1085 in
652 1018 907 1087 tribulationibus
937 1022 969 1085 ot
998 1016 1166 1102 angustiis,
1197 1036 1277 1102 quae
1302 1017 1497 1083 invenerunt

320 1154 378 1203 nos
400 1135 494 1202 nimis
517 1136 567 1203 his
590 1134 710 1219 diebus,
732 1140 900 1222 paternum
923 1132 1069 1203 affectum
1090 1138 1232 1202 vesum
1245 1132 1384 1200 dirersis
1402 1132 1497 1199 bene-

319 1250 400 1319 ficiis
422 1272 530 1321 sumus
557 1252 696 1339 experti,
726 1252 765 1317 de
792 1250 1007 1317 habundantia
1028 1256 1152 1317 rosnae
1173 1250 1301 1336 pietatis
1328 1270 1397 1317 non
1424 1270 1498 1335 pos-

321 1388 428 1435 sumus
452 1388 521 1435 esse
542 1369 663 1437 incerti
697 1366 894 1455 Quapropter
916 1367 1011 1434 solita
1033 1388 1108 1451 erga
1129 1387 1188 1432 nos
1209 1386 1286 1433 usus
1308 1367 1429 1451 gratia,
1452 1365 1499 1453 pii

320 1486 421 1573 patris
444 1485 599 1553 ostendite
618 1484 789 1552 karitatem
812 1490 844 1551 et
860 1484 961 1570 nobis,
986 1504 1026 1551 ex
1045 1484 1158 1551 merito
1173 1483 1350 1569 iniquitatis
1366 1488 1498 1549 nocuae

320 1600 495 1685 tribulatis,
521 1601 626 1688 pridie
647 1599 754 1669 Nonas
777 1600 964 1668 Novembris
990 1600 1032 1667 ad
1052 1620 1111 1667 nos
1133 1600 1287 1667 veniendo
1309 1618 1499 1667 succurrere

320 1738 384 1785 non
406 1716 567 1785 differatis.
603 1718 718 1785 Sumus
741 1718 827 1783 enim
849 1718 955 1804 parati
971 1718 1130 1803 preceptis
1145 1716 1253 1785 domni
1267 1736 1373 1803 papae
1390 1716 1429 1783 in
1443 1715 1499 1783 eli·

320 1834 421 1918 gendo
444 1834 590 1903 abbatem
612 1834 748 1902 obedire.
782 1833 902 1901 Idcirco
924 1854 980 1900 vos
1004 1833 1144 1920 aliosque
1165 1832 1329 1917 religiosos
1351 1832 1498 1916 abbates,

321 1970 340 2017 a
363 1951 476 2017 domno
500 1972 585 2039 papa
607 1952 647 2019 ad
670 1952 803 2020 eandem
826 1950 1012 2018 electionem
1033 1950 1275 2037 predestinatos,
1297 1951 1420 2019 litteris
1442 1970 1499 2018 no-

320 2068 395 2135 stris
423 2087 536 2135 vocare
563 2074 670 2137 ratum
698 2069 856 2135 duximus.
893 2067 948 2133 Set
976 2066 1051 2152 quia
1076 2072 1150 2153 poet
1170 2066 1275 2133 Deum
1297 2070 1445 2135 maxime
1466 2069 1498 2133 in

320 2183 409 2251 vobis
431 2182 627 2270 confidimus,
649 2185 875 2273 paternitatem
896 2189 1037 2251 vestram
1057 2184 1174 2249 iterum
1194 2189 1289 2269 atque
1303 2185 1428 2251 iterum
1441 2185 1498 2251 lrn·

320 2298 438 2368 militer
462 2300 688 2389 imploramus,
715 2307 751 2370 ut
777 2301 819 2368 ad
840 2321 938 2387 supra
959 2300 1080 2367 dictum
1100 2300 1272 2367 terminum
1294 2301 1337 2367 ad
1357 2322 1424 2368 nos
1445 2322 1498 2367 re-

319 2418 388 2483 nire
410 2437 474 2484 non
496 2419 691 2505 pigritemini
713 2424 746 2485 et
766 2417 858 2485 nobis
874 2416 1062 2485 consulendo
1071 2420 1112 2483 et
1125 2415 1306 2484 auxiliando
1322 2417 1498 2485 subvenire

319 2553 384 2601 non
406 2533 628 2619 dedignemini.

324 2735 410 2808 129.
431 2740 600 2807 Foldemes
615 2764 634 2805 a
652 2740 882 2807 Corbaeaitos
893 2750 1012 2827 petant,
1035 2732 1145 2826 reperit
1162 2738 1348 2823 We‘baldtsm,
1367 2752 1408 2805 ut
1420 2740 1496 2805 Fol-

432 2859 505 2923 dam
525 2857 637 2923 cariat.
1329 2852 1388 2936 (Μ.
1410 2854 1495 2936 108.)

232 2991 302 3048 1148
409 2979 646 3048 venerabilibus
676 2978 812 3045 dominis
835 2982 868 3045 et
893 2978 1102 3047 confratribus
1124 2978 1242 3046 nostris
1264 2985 1397 3047 sanctae
1421 2979 1496 3046 Cor·

246 3065 295 3113 ⁰⁰t'
321 3097 455 3164 baiensis
478 3094 648 3163 aecclesiae
669 3094 836 3163 Fuldensis
864 3096 1064 3181 congregatio
1092 3096 1307 3163 sinceritatem
1334 3096 1494 3165 fraternae

321 3212 497 3281 dilectionis
519 3214 553 3281 in
576 3212 711 3280 Christo.

408 3328 570 3397 Fraternis
599 3327 864 3397 consolationibus
887 3328 1017 3413 vestris,
1046 3349 1107 3415 que
1129 3327 1224 3415 plene
1244 3327 1495 3399 laetificaverunt

321 3446 442 3513 animas
464 3452 601 3531 nostras,
625 3444 795 3530 condignas
818 3450 923 3529 grates
940 3444 1058 3511 referre
1072 3446 1250 3531 nequimus,
1273 3447 1348 3533 quia
1364 3447 1494 3515 miseria

321 3567 353 3631 et
381 3561 549 3631 afflictione
575 3562 724 3631 inebriati
751 3563 818 3629 iam
843 3562 1059 3648 experimento
1082 3560 1265 3647 didicimus,
1295 3562 1381 3649 quod
1403 3564 1492 3647 longe

321 3684 369 3746 est
392 3680 648 3766 spectatoribus
671 3678 765 3746 salus.
807 3678 959 3745 Attamen
986 3678 1014 3744 si
1034 3676 1130 3744 Pater
1151 3679 1443 3749 misericordiarum
1463 3684 1493 3747 ot

321 3794 406 3863 Daue
429 3796 526 3863 totius
549 3795 772 3863 consolationis
794 3816 852 3882 per
875 3794 1002 3861 divitias
1025 3793 1144 3878 gloriae
1160 3815 1235 3862 suae
1251 3816 1309 3863 nos
1325 3796 1492 3883 aliquando

222 3926 224 3929 ·
321 3912 470 3997 dignatur
497 3911 668 3997 consolari,
698 3934 756 4001 pro
785 3912 885 3978 nimia
912 3911 947 3977 in
974 3932 1032 3978 nos
1056 3910 1118 3977 fide
1140 3917 1248 3978 vestra
1270 3933 1307 3979 ao
1328 3914 1491 3981 devotione

320 4028 503 4096 memoriale
530 4035 671 4097 vestrum
698 4027 783 4115 apud
809 4048 867 4095 nos
896 4028 1092 4117 peramplius
1120 4033 1153 4094 et
1180 4028 1352 4117 perfectius
1378 4030 1489 4099 aritia

322 4145 545 4213 benedictione.
583 4146 717 4213 Oramus
745 4165 819 4230 ergo
849 4145 1077 4213 beatitudinem
1101 4150 1255 4232 vestram,
1285 4152 1322 4213 ut
1344 4146 1489 4214 domnum

322 4261 468 4329 abbatem
495 4267 637 4349 tempore
667 4261 727 4329 sibi
756 4282 776 4328 a
801 4262 892 4329 nobis
914 4263 1078 4348 designato
1101 4263 1143 4329 ad
1164 4283 1222 4330 nos
1244 4264 1355 4330 venire
1377 4264 1487 4350 absque

321 4375 388 4443 ulla
414 4380 576 4445 occasione
602 4398 714 4463 rogare
742 4378 875 4464 curetis,
904 4380 1052 4466 quatinus
1075 4380 1143 4447 eius
1165 4379 1297 4447 oonsilio
1321 4386 1354 4449 et
1377 4378 1485 4449 auxilio
