3117 4859
324 281 392 350 460
658 297 1161 348 miseratamiserata

238 447 307 505 not
325 443 429 511 dinem
452 447 485 510 et
505 441 762 510 conmetcdinem
783 446 935 526 nostram,
957 445 1139 508 ιοιιιιιιιι
1152 441 1335 509 alimoniam
1348 412 1558 530 expecta·

248 522 429 628 lmrernrrs
453 577 511 627 neo
534 558 574 626 ab
597 578 633 626 eo
656 561 824 645 quicquam
846 560 1073 647 acciperemus,
1094 559 1213 646 inpasti
1233 560 1438 644 surreximus,
1457 567 1488 628 ιι

324 676 427 744 Denm
456 675 627 743 secundnm
655 676 799 744 ordinem
825 681 985 761 nostrum,
1014 680 1124 744 enntes
1150 676 1191 742 ad
1213 675 1395 760 eeclesiam,
1420 695 1487 742 ιιιιι
1557 660 1558 769 i

323 792 445 881 psalmo
474 791 701 860 benediximus.
748 791 863 859 Statim
890 792 1023 877 igitur
1013 812 1049 858 ιι
1072 811 1171 858 annm
1192 792 1390 877 congregati,
1416 793 1488 880 qm'i

323 909 406 976 iacto
430 929 509 996 opns
532 914 625 994 esset,
647 909 682 976 in
703 928 869 976 commune
891 908 1105 976 consuluimus
1127 912 1168 993 et,
1190 914 1228 976 nt
1243 915 1369 976 vestm
1390 915 1490 996 pater-

323 1025 417 1093 nitati
445 1025 527 1094 banc
552 1026 773 1094 necessitatem
795 1026 940 1094 celeriter
960 1025 1208 1110 insinuaremus,
1236 1026 1320 1093 inter
1341 1045 1400 1092 nos
1420 1045 1490 1093 eon-

323 1143 476 1211 venimns.
529 1140 659 1209 Interim
693 1146 799 1210 ιιιιιι
831 1143 924 1210 tratri
949 1140 1146 1225 Atdelberto)
1175 1143 1349 1209 mmerario
1376 1149 1489 1228 necno,

322 1259 398 1327 licet
423 1259 523 1326 invito
552 1263 584 1326 et
610 1257 745 1326 multum
771 1259 935 1345 renitenti,
964 1259 1046 1327 hane
1072 1277 1181 1326 emam
1207 1259 1420 1344 iniunximus,
1445 1263 1488 1343 ιι

323 1375 423 1444 (ιιιιι
443 1375 553 1444 redeat
573 1376 707 1443 ιιιιιιιιιι
729 1380 838 1443 noster
854 1376 987 1461 trebio,
1009 1395 1126 1463 panem
1140 1380 1174 1442 et
1186 1380 1306 1463 potum,
1322 1375 1487 1443 nndeonm·

324 1513 384 1580 que
406 1492 509 1580 possit
524 1497 632 1559 mntno
648 1498 822 1580 acceptum,
845 1492 935 1560 nobis
949 1492 1123 1580 provideat
1150 1491 1194 1559 Et
1211 1497 1389 1577 argentum,
1411 1492 1486 1578 qnod

323 1608 364 1676 ad
393 1609 622 1697 sarcophagum
650 1609 710 1677 hoc
737 1629 820 1676 anno
845 1609 1123 1697 deputaveramus,
1151 1609 1187 1675 in
1207 1609 1341 1696 pignore
1363 1610 1484 1696 accepit

323 1724 477 1805 Quoniam
498 1725 606 1812 itaque
627 1725 847 1794 imminentem
861 1727 954 1794 nobis
967 1726 1187 1794 nenessitatem
1201 1725 1327 1811 videtis,
1349 1725 1485 1793 obsecra·

322 1861 393 1908 mna
416 1841 563 1910 dilectam
584 1842 676 1910 nobis
698 1843 923 1931 paternitatem
936 1847 1085 1928 vestram
1108 1847 1146 1910 nt
1160 1843 1342 1928 qnantob‘na
1356 1843 1484 1910 reditun

322 1963 463 2026 vestram
485 1958 526 2026 ad
546 1979 605 2026 nos
628 1957 819 2044 acceleretis,
840 1964 878 2026 nt
899 1958 938 2027 de
954 1959 1086 2026 instant·
1099 1958 1239 2047 periculo
1252 1979 1311 2026 nos
1327 1964 1361 2026 et
1375 1959 1486 2027 aeccle·

321 2075 403 2143 siam
425 2075 579 2163 eripiatis,
602 2075 686 2163 qnod
707 2077 775 2142 sine
792 2077 955 2163 presentia
967 2079 1075 2144 vestm
1089 2075 1221 2144 evadne
1234 2096 1300 2143 non
1312 2095 1486 2163 possnmns.

324 2286 411 2360 330.
430 2290 589 2358 Wibaldas
617 2290 843 2356 Carteiensium
871 2293 1029 2378 onpastios
1054 2292 1143 2358 dolet
1188 2292 1241 2358 De
1270 2291 1488 2380 admyssa

430 2405 665 2497 disfiasltatibae
698 2407 795 2473 addit.
834 2408 970 2498 Confidis
987 2407 1079 2497 jors,
1107 2421 1142 2474 at
1163 2409 1274 2497 pooiio
1303 2421 1380 2497 post
1412 2411 1489 2476 otas

256 2589 266 2608 ἱ
431 2522 474 2590 11
497 2521 581 2590 Iassii
603 2523 647 2588 od
668 2545 719 2588 eos
738 2533 918 2590 renatotar
1329 2522 1386 2605 (Μ.
1404 2524 1489 2605 305)

193 2659 304 2782 11051
408 2653 521 2722 Frater
542 2652 731 2739 Wiibaldns)
758 2655 820 2723 Dei
847 2657 950 2741 matio
971 2655 1169 2725 corbeiensis
1197 2657 1294 2726 abbas
1315 2656 1490 2739 Hieinrico)

269 2747 420 2862 “priori
450 2776 482 2838 et
508 2771 620 2838 ceteris
643 2770 841 2840 Gorbeiensis
867 2772 1019 2841 ecelesiae
1040 2773 1192 2842 iratribus
1213 2780 1247 2841 et
1266 2772 1342 2841 ibis
1363 2773 1490 2842 benedi

321 2889 458 2958 ctionem
480 2893 513 2956 et
533 2888 633 2955 vitam
655 2889 810 2974 usquein
832 2888 981 2957 seculum

410 3004 500 3084 Quod
521 3005 603 3072 tanti
621 3008 733 3072 ettam
749 3025 892 3072 enormes
907 3005 1046 3074 deieetm
1060 3011 1204 3094 tempore
1216 3006 1299 3074 boo
1288 3027 1324 3074 ιι
1339 3005 1490 3075 aeccleda

277 3125 282 3132 ’
321 3120 503 3190 Gorbeiensi
536 3121 736 3208 contingant,
769 3122 1008 3209 precordialiter
1034 3121 1103 3189 Deo
1131 3127 1213 3190 teste
1238 3122 1399 3207 dolemna3
1432 3131 1487 3207 set,

319 3257 434 3324 magno
457 3257 564 3305 rernm
585 3237 710 3306 turbine
733 3238 930 3325 deprehensi,
952 3238 1074 3306 nnllam
1097 3237 1242 3307 effectam
1261 3238 1364 3308 bonae
1379 3240 1488 3308 rokm·
1519 3272 1524 3285 ·

319 3355 395 3422 tatis
417 3359 544 3422 nostrae
567 3354 714 3442 operibns
736 3355 954 3423 demonstrare
974 3354 1125 3424 valemus.
1156 3354 1214 3424 Set
1230 3377 1329 3424 nnnm
1342 3357 1379 3424 in
1392 3358 1487 3424 ιιιιιιι

318 3470 413 3539 maiis
434 3477 562 3538 nostrae
583 3471 731 3538 miseriae
753 3471 901 3539 solatium
922 3472 1031 3540 divina
1045 3471 1149 3561 pietas
1161 3473 1312 3560 providit,
1334 3473 1422 3559 qnod
1434 3493 1487 3541 ros

318 3587 396 3656 baec
421 3588 621 3656 incommoda
641 3593 708 3656 tam
729 3588 925 3675 inordinata,
952 3594 1020 3657 tam
1040 3575 1198 3675 inaudita,
1226 3609 1308 3676 qnae
1327 3610 1487 3677 nunqnam

318 3703 451 3773 ιιιιιιιι
465 3703 645 3772 Gorbeiensi
669 3703 819 3773 ecclesiae
834 3705 985 3774 moidisse
999 3705 1167 3792 credimus,
1188 3708 1348 3793 patienter
1363 3713 1397 3776 et
1410 3725 1486 3794 eqno

318 3822 423 3890 animo
447 3821 652 3910 supportatis,
674 3842 777 3908 neque
799 3822 974 3892 absentiam
995 3827 1148 3907 nostem,
1171 3842 1252 3909 qnae
1264 3823 1382 3892 restris
1402 3822 1485 3890 ntili-

316 3938 435 4007 tatibm
464 3936 588 4006 officere
615 3942 761 4026 putatur,
796 3940 907 4008 acerbo
934 3939 1187 4028 reprehensionis
1212 3939 1309 4008 verbo
1335 3940 1483 4025 fatigatis

316 4053 354 4122 In
376 4075 437 4142 qno
459 4061 601 4122 nostram
623 4054 867 4124 sollicitudinem
888 4055 1151 4123 artissimavobis
1171 4057 1303 4124 ιιιιιιιι
1318 4057 1483 4126 obnoxiam

316 4170 363 4238 ita
385 4169 561 4257 devincitis,
583 4177 621 4240 nt
641 4171 746 4240 nebus
769 4171 809 4240 de
830 4177 934 4241 cetero
956 4172 1046 4241 labor
1067 4173 1120 4257 sit,
1142 4173 1230 4240 nnlla
1242 4174 1371 4260 iniuria,
1393 4195 1483 4262 qnam

163 4317 166 4328 ·
315 4307 374 4375 pro
396 4291 504 4356 vestra
531 4287 698 4358 dilectione
726 4294 759 4358 et
785 4290 945 4358 communi
971 4291 1099 4358 iusticia
1125 4291 1232 4360 subire
1259 4296 1293 4359 et
1317 4292 1403 4360 terre
1427 4311 1482 4379 pra

316 4401 437 4470 viribus
451 4423 639 4472 recusemus.
700 4405 858 4494 Getarum,
876 4408 992 4477 fratres
1005 4408 1177 4494 karissimi,
1190 4408 1329 4478 noim
1342 4415 1480 4478 nesam
