3117 4859
416 290 567 339 wmannr
587 288 775 339 nrmnonan
794 289 848 338 aaa.
866 290 920 338 roe
1187 276 1254 343 3⁵19

70 436 189 499 vestra
210 434 313 519 pietas
336 433 444 499 videre
465 452 524 499 nos
545 437 671 499 tantum
686 432 887 518 desiderarit,
909 439 1015 517 grates
1038 434 1164 521 quidem
1187 437 1342 519 agi-1150

71 570 170 631 mus3
192 551 296 637 ipsum
311 554 418 617 mmen
440 548 582 635 proinde,
607 550 690 635 quod
704 570 762 617 nos
777 549 885 617 videre
904 570 969 617 non
992 551 1101 636 valuit,
1123 552 1254 620 minime

72 666 187 733 dolere
209 686 372 751 rogamus,
400 666 593 753 presentiam
616 667 706 733 euius
731 668 834 733 nostri
855 666 959 733 eordis
981 686 1002 733 a
1021 668 1176 735 memoria
1195 686 1255 736 nea

72 782 222 849 loeorum
233 783 341 869 spaeia
354 804 413 850 neo
428 790 585 851 tormenta
598 780 794 850 infirmitatis
805 783 955 849 eontinna
969 803 1115 851 amovere
1125 788 1253 870 queunt

73 898 127 965 De
151 905 294 985 oaetero,
323 902 473 985 qnoniam
495 906 620 968 vestrae
643 900 847 969 sublimitatis
869 898 1056 967 exoellentia
1082 920 1141 988 pro
1163 901 1254 967 nobis

73 1036 181 1101 usque
204 1016 282 1082 adeo
305 1016 466 1084 humiliari
488 1037 551 1084 non
574 1016 771 1102 dedignatur,
796 1017 880 1103 quod
894 1021 1022 1084 nostrae
1037 1015 1168 1084 verbula
1180 1038 1255 1104 par-

73 1133 190 1199 vitatis
214 1133 341 1199 domino
362 1140 472 1201 nostro
494 1154 596 1221 papae
613 1154 683 1201 sese
698 1132 779 1201 velle
802 1133 924 1200 deferre
945 1132 1121 1220 promittat,
1145 1133 1175 1201 ei
1195 1134 1255 1200 irn-

73 1248 200 1316 miiiter
221 1249 428 1317 inoiinamur·
457 1256 504 1336 et,
532 1256 569 1318 ut
591 1256 730 1317 vestrum
756 1251 820 1317 iter
847 1248 977 1333 angelus
999 1249 1128 1316 Domini
1153 1251 1255 1318 bonus

74 1366 260 1452 comitetur,
284 1367 366 1433 votis
389 1367 534 1435 omnibus
557 1362 720 1455 optamus'
747 1366 961 1452 aequoniam
974 1367 1255 1454 inpresentiarum

77 1482 122 1549 ad
144 1482 326 1569 predictum
348 1484 510 1551 deminum
532 1489 691 1568 nostrum,
722 1483 807 1570 quod
828 1483 1022 1567 deferamus,
1050 1482 1147 1551 mahil
1169 1483 1255 1549 aliud

76 1598 246 1683 habemus,
269 1604 393 1667 nostras
410 1601 439 1667 ei
454 1600 618 1669 oontinuas
633 1600 778 1667 mandari
801 1599 1023 1684 oratiunculas,
1038 1597 1254 1667 infirmitatem

78 1736 218 1802 quoque,
241 1722 365 1783 vestrae
386 1716 538 1785 relatione
561 1718 682 1802 gratiae
704 1716 860 1784 insinuari
879 1736 1037 1803 rogamus.

80 1928 174 2001 254.
196 1932 316 1999 Daniel
336 1932 497 2019 episcopua
517 1932 685 2020 Properate
706 1932 864 2015 Ws'baldo,
890 1956 955 1999 reae
975 1955 1082 2020 pupae
1103 1955 1255 1997 commeat·

196 2049 324 2128 dataro,
350 2050 471 2135 gratias
493 2050 558 2135 opit
579 2072 750 2139 mauroque
770 2050 870 2115 muttit.
907 2050 1083 2115 Amoldrun
1105 2049 1257 2115 cancella·

195 2164 277 2229 mam
299 2164 421 2229 salutat.
1094 2162 1150 2245 (Μ.
1167 2163 1255 2245 230.)

172 2294 344 2379 Wlibaldo)
367 2296 494 2365 domino
518 2302 550 2364 et
571 2297 656 2385 patri
679 2316 752 2383 suo,
780 2298 1036 2366 reverentissimo
1059 2296 1258 2365 Gorbeiensis
1276 2304 1346 2360 1150

81 2414 323 2483 Stabulonensis
339 2412 509 2481 aeeclesiae
524 2413 697 2482 venerabili
713 2414 831 2499 abbati,
853 2413 994 2497 Dlaniel)
1008 2413 1083 2481 lieet
1096 2414 1255 2498 indignus,

80 2531 144 2599 Dei
167 2536 274 2597 tamen
296 2530 399 2614 gratia
420 2529 628 2615 Pragensium
649 2531 826 2619 episeopus,
848 2550 921 2597 omn
940 2530 1121 2598 sineeritate
1135 2529 1258 2597 servitii

81 2648 214 2733 exiguae
237 2646 405 2715 orationes.

172 2762 341 2848 Regaiibus
356 2783 412 2830 ves
428 2767 614 2850 eooupatum
627 2762 762 2848 negotiis
778 2768 811 2830 et
824 2760 925 2847 regali
936 2761 1143 2831 assidentem*
1154 2761 1258 2846 lateri,

82 2880 289 2967 gratulamur.
325 2878 393 2947 Hoo
416 2880 501 2947 enim
522 2880 626 2964 gratia
640 2884 747 2946 vestra
769 2901 809 2947 ex
829 2879 959 2965 antiquo
974 2884 1052 2965 aput
1066 2879 1258 2966 parvitatem

82 3003 227 3069 nostrum
248 2995 408 3065 benefieiis
436 2994 544 3063 multis
572 2995 724 3080 obtinuit,
753 3001 790 3063 ut
815 2997 972 3084 profectui
993 3001 1099 3064 vestro
1121 3016 1258 3079 oongan-

84 3116 225 3183 deamust
259 3113 486 3181 Verumtamen
515 3113 599 3199 quod
626 3112 750 3181 litteras
777 3117 900 3180 vestras
928 3113 1015 3179 omni
1041 3114 1198 3179 enaritate
1225 3118 1260 3180 et

84 3230 207 3299 mellita
228 3230 392 3297 dulcedine
414 3229 524 3317 plenas
553 3229 643 3297 nobis
669 3230 796 3297 mittere
824 3230 972 3313 dignatus
1001 3229 1093 3313 estis,
1124 3234 1259 3315 quantas

84 3350 120 3415 in
142 3347 374 3433 presentiarum
387 3345 540 3431 ualemus,
562 3347 755 3431 gratiarum⁶
772 3347 911 3415 actiones
932 3351 1059 3415 sanetae
1073 3347 1259 3432 paternitati

85 3469 210 3532 vestrae
231 3463 414 3545 referimus3
438 3468 471 3529 et
491 3462 566 3529 lieet
580 3482 711 3549 torpore
733 3461 906 3531 disiunctos
929 3463 1096 3531 diuersitas
1116 3463 1260 3531 lotorum

86 3585 222 3669 separet,
244 3598 329 3647 nuno
343 3584 451 3647 tamen
467 3580 629 3667 presentia
649 3585 765 3667 vestra,
783 3580 911 3667 spiritui
925 3584 1034 3647 nostro
1049 3580 1179 3647 cottidie
1200 3589 1261 3667 pre

86 3696 185 3765 oeulis
208 3696 325 3781 habita,
349 3716 407 3783 per
430 3698 549 3784 seriptu
571 3702 677 3763 vestra
694 3700 742 3762 est
756 3701 918 3764 renovata.
954 3696 1003 3763 De
1025 3701 1159 3780 eaetero,
1184 3696 1260 3781 quia

86 3818 208 3881 tautam
231 3812 366 3898 gratiam
388 3792 559 3881 humilitati
579 3819 707 3880 nostrae
720 3813 754 3880 in
771 3812 869 3879 oeulis
883 3813 998 3881 vestris
1013 3812 1169 3880 Dominus
1183 3831 1259 3879 oon-

86 3930 169 4015 tulit,
193 3936 230 3997 ut
249 3931 283 3997 iu
307 3930 396 3997 ouria
418 3951 541 4017 qnoque
562 3930 705 3997 Romana
726 3930 829 3997 nostri
849 3949 970 3997 memor
992 3950 1062 3997 esse
1083 3928 1200 4011 velitis,
1227 3933 1261 3995 et

86 4048 160 4115 inde
183 4047 310 4134 quidem
332 4048 451 4131 gratias
473 4048 563 4115 vobis
587 4052 714 4131 agentes
737 4045 853 4114 obnixe
872 4044 1080 4134 postulamus,
1104 4050 1259 4131 quatenus

86 4165 253 4233 inmeritae
273 4168 402 4232 nestrae
422 4182 576 4251 personae
597 4164 795 4249 memoriam,
819 4162 1126 4249 quantulameunque
1148 4161 1259 4246 digua·

86 4282 208 4367 bimiui,
232 4282 317 4368 opud
339 4281 489 4349 domnum
511 4280 718 4368 apostolieum
731 4281 836 4347 faeere
850 4299 914 4346 non
935 4278 1091 4347 abnuatis.
1180 4277 1258 4347 Pre-

157 4438 178 4471 ι
198 4424 334 4473 inclinamus
350 4442 371 4473 r.
432 4423 455 4471 b.
474 4424 589 4472 mutante
605 4442 625 4473 e.
687 4436 707 4470 o.
727 4420 768 4480 g'r'a
783 4440 803 4469 ι.
