3117 4859
436 408 576 466 114⁹

442 4269 575 4321 1141]

611 244 745 313 334
1280 263 1578 312 wmamr
1617 262 1992 313 urim-om
2029 262 2139 309 214.
2169 262 2279 310 215.

612 424 689 472 ac
713 424 908 490 regno
936 403 1297 491 Teutonico,
1341 406 1515 474 omni
1541 405 1912 474 clericorum
1940 410 2181 474 remoto
2210 403 2555 489 obstando,
2587 403 2844 473 liberius
2870 409 2931 471 et

609 521 834 589 melius
856 542 1047 608 quam
1070 543 1286 591 omnes
1308 522 1440 591 fere
1463 528 1886 592 antecessores
1906 524 2102 591 vestri
2123 522 2437 590 dominari
2457 521 2770 589 valebitis.
2796 520 2936 588 Sine

608 657 790 705 mora
817 658 966 723 ergo
993 660 1327 728 precamur
1355 646 1429 707 ut
1454 641 1756 724 veniatis3
1802 646 1866 708 et
1892 641 2149 708 interim
2179 640 2258 709 de
2285 645 2457 708 statu
2485 644 2721 724 vestro,
2760 657 2938 725 quein

611 775 860 842 semper
903 755 1330 824 desideramus
1375 757 1694 826 salubrem
1727 763 1791 825 et
1818 777 2211 846 prosperum,
2258 763 2323 824 et
2366 756 2446 824 de
2488 756 2588 823 his
2636 754 2940 838 omnibus,

609 870 929 955 regalibus
981 872 1213 941 litteris
1270 879 1382 941 aut
1431 874 1679 941 nunciis
1724 894 1840 941 nos
1883 873 2222 942 laetificare
2266 873 2633 958 dignemini.
2722 871 2943 939 Sumus

612 989 782 1056 enim
823 1008 941 1076 per
985 990 1198 1057 omnia
1241 996 1487 1058 vestrae
1529 990 1842 1058 voluntati
1886 991 2319 1079 obtemperare
2362 1010 2613 1077 semper
2655 989 2890 1078 parati.

791 1095 1016 1173 Sciatis
1062 1112 1372 1195 preterea,
1419 1109 1587 1194 quod
1629 1112 1887 1196 pontem
1915 1106 2201 1175 Milvium
2248 1112 2429 1176 extm
2455 1105 2697 1174 Urbem
2730 1126 2950 1193 parum

609 1221 824 1308 longe,
899 1244 1016 1311 per
1088 1228 1376 1312 tempora
1450 1224 1653 1292 multa
1728 1245 1846 1313 pro
1923 1224 2377 1312 imperatorum
2451 1224 2775 1291 contrario
2851 1223 2951 1290 de-

611 1345 949 1425 structum,
1003 1360 1149 1426 nos,
1203 1347 1276 1408 ut
1329 1341 1641 1409 exercitus
1694 1346 1904 1409 vester
1958 1363 2074 1430 per
2130 1362 2276 1408 eum
2326 1341 2599 1408 transire
2654 1345 2855 1427 queat
2894 1344 2954 1406 et

609 1476 692 1524 ne
735 1456 911 1525 Petri
951 1454 1182 1525 Leonis
1238 1479 1356 1546 per
1406 1458 1737 1527 castellum
1781 1458 1996 1526 Sancti
2038 1458 2271 1543 Angeli
2313 1458 2491 1525 vobis
2534 1477 2771 1524 nocere
2812 1476 2954 1544 poe-

611 1573 762 1659 sint,
805 1578 881 1640 ut
921 1578 1274 1642 statuerant
1316 1595 1459 1642 cum
1504 1596 1675 1663 papa
1716 1580 1783 1642 et
1812 1573 2042 1660 Siculo,
2087 1594 2316 1660 magno
2352 1574 2684 1642 conamine
2712 1578 2954 1641 restau-

610 1710 855 1773 ramus3
903 1695 968 1758 et
1007 1692 1078 1758 in
1120 1692 1303 1779 parvi
1345 1693 1653 1780 temporis
1698 1693 1910 1779 spacio
1953 1713 2135 1759 muro
2179 1692 2523 1760 fortissimo
2555 1697 2621 1757 et
2649 1690 2954 1774 silicibus,

609 1806 865 1874 iuvante
894 1806 1054 1892 Deo,
1099 1808 1532 1896 complebitur.
1698 1808 2112 1876 Concordiam
2140 1813 2351 1875 autem
2379 1809 2546 1876 inter
2574 1806 2870 1875 Siculum
2897 1812 2959 1874 et
3101 1822 3102 1825 ’

609 1943 847 2011 papam
889 1923 1249 1993 huiusmodi
1294 1946 1431 1993 esse
1475 1927 1862 2013 accepimus:
1908 1925 2085 2014 Papa
2127 1926 2435 1993 concessit
2466 1923 2680 1992 Siculo
2711 1925 2956 2009 virgum

612 2045 680 2108 et
720 2039 1010 2127 anulum,
1069 2040 1476 2109 dalmaticam
1517 2047 1584 2110 et
1624 2044 1882 2110 mitram
1927 2047 2116 2129 atque
2160 2042 2474 2125 sandalia,
2519 2045 2587 2107 et
2627 2061 2713 2107 ne
2756 2039 2956 2107 ullum

611 2158 826 2225 mittat
866 2158 937 2225 in
980 2163 1218 2226 terram
1261 2179 1444 2226 suam
1486 2159 1795 2245 legatum,
1849 2159 1975 2226 nisi
2019 2179 2207 2245 quem
2252 2156 2497 2224 Siculus
2544 2157 2841 2245 petierit3
2898 2162 2958 2223 et

613 2273 861 2342 Siculus
905 2274 1080 2342 dedit
1123 2275 1183 2342 ei
1226 2275 1491 2343 multam
1533 2277 1871 2365 pecuniam
1912 2295 2029 2362 pro
2072 2276 2449 2342 detrimento
2478 2279 2694 2341 vestro
2742 2279 2813 2341 et
2838 2273 2956 2341 Ro—

608 2393 781 2459 mani
836 2392 1122 2480 imperii,
1179 2392 1347 2479 quod
1399 2391 1522 2459 Dei
1580 2394 1787 2477 gratia
1839 2399 2120 2460 vestrum
2174 2392 2407 2460 existit.
2513 2389 2690 2458 Haec
2744 2390 2956 2458 omnia

610 2508 876 2577 sollicite
920 2513 1134 2577 vestra
1177 2509 1656 2595 animadvertat,
1710 2511 1944 2596 optime
1987 2530 2123 2594 rex,
2167 2508 2521 2596 prudentia.

874 2625 1012 2693 Rex
1052 2626 1290 2709 valeat3
1339 2625 1637 2713 quicquid
1677 2626 1872 2713 cupit,
1917 2625 2197 2693 obtineat
2239 2645 2427 2712 super
2469 2623 2719 2707 hostes3

876 2742 1219 2829 Imperium
1264 2746 1495 2827 teneat,
1540 2742 1776 2810 Romae
1820 2743 2054 2827 sedeat,
2098 2748 2278 2826 regat
2320 2742 2537 2809 orbem

874 2859 1177 2947 Princeps
1221 2865 1556 2944 terrarum,
1602 2880 1717 2926 ceu
1758 2859 1909 2927 fecit
1950 2859 2367 2942 Iustinianus3

876 2975 1124 3043 Cesaris
1171 2976 1438 3062 accipiat
1481 2996 1718 3061 caesar,
1765 2996 1885 3061 que
1930 2981 2078 3043 sunt
2120 2995 2235 3042 sua
2275 2973 2511 3063 presul,

874 3090 961 3157 Ut
1003 3089 1292 3158 Christus
1336 3092 1540 3175 iussit,
1586 3091 1774 3159 Petro
1820 3090 2100 3158 solvente
2143 3091 2469 3158 tributum.

607 3206 737 3274 Nos
792 3205 871 3273 de
927 3211 1172 3274 caetero
1226 3205 1468 3291 legatos
1512 3214 1761 3276 nostros
1803 3227 2135 3296 precamur
2178 3212 2251 3275 ut
2292 3207 2561 3291 benigne
2604 3205 2949 3293 recipiatis,

609 3327 676 3391 et
718 3322 885 3408 quod
914 3320 1093 3389 vobis
1140 3322 1418 3389 dixerint
1458 3323 1750 3411 credatis,
1798 3325 1947 3411 quia
1974 3324 2249 3392 scribere
2277 3328 2504 3391 cuncta
2529 3323 2946 3410 nequivimus.

611 3437 775 3505 Sunt
818 3439 989 3506 enim
1030 3438 1273 3506 nobiles
1316 3438 1441 3506 viri
1483 3437 1688 3508 Guido
1733 3447 2016 3527 senator,
2074 3441 2335 3509 Iacobus
2377 3439 2545 3507 filius
2594 3438 2761 3508 sixti
2804 3458 2948 3528 pro-

610 3555 919 3623 curatoris
963 3561 1030 3622 et
1069 3554 1365 3623 Nicolaus
1410 3576 1629 3624 eorum
1673 3560 1898 3627 socius.

614 3764 792 3838 215.
835 3769 1076 3854 Simus,
1132 3771 1464 3855 Nic-olam,
1526 3773 1733 3839 Guido
1792 3775 2207 3840 consiliatores
2263 3775 2474 3840 curiae
2527 3772 2815 3839 Conrado
2852 3767 2957 3837 ΠΙ

835 3888 967 3975 rsyt‘
1019 3889 1292 3953 scribunt
1334 3890 1410 3954 de
1454 3890 1815 3955 clericorum
1860 3891 2177 3955 dominatu
2222 3891 2509 3972 delendo,
2568 3890 2645 3955 de
2684 3887 2943 3977 foedere

827 4025 1041 4092 papae
1096 4013 1154 4069 et
1195 4005 1454 4091 Royerii
1504 4007 1696 4093 reyis,
1754 4007 1831 4071 de
1882 4008 2063 4072 sociis
2113 4008 2444 4073 eorundem
2487 4006 2697 4072 Roma
2728 4004 2939 4093 pulsis

835 4121 1073 4203 Petunt,
1116 4123 1324 4187 veniat
1365 4122 1651 4187 Romam.
1740 4121 2014 4209 Legatos
2056 4124 2498 4189 commendant.
2635 4118 2744 4203 (Μ.
2768 4116 2937 4199 212.)

791 4251 1332 4320 Excellentissimo
1379 4258 1446 4321 et
1485 4251 1815 4339 magnifico
1860 4255 2113 4323 domino
2144 4255 2332 4323 Urbis
2364 4259 2429 4323 et
2456 4254 2629 4323 orbis
2658 4251 2935 4322 conrado

619 4365 731 4433 Dei
787 4369 989 4449 grafia
1045 4368 1470 4438 Romanorum
1524 4372 1659 4456 regi
1714 4391 1962 4459 semper
2022 4378 2285 4458 augusto
2346 4370 2597 4460 Sixtus,
2650 4370 2933 4441 Nicolaus
