3117 4859
338 262 403 331 218
712 280 861 331 mmor
881 280 1045 332 srmone
1068 282 1120 330 sse

246 426 316 483 1148
337 423 470 491 domnus
493 422 741 493 Heresfeldsusis
764 444 837 492 cum
858 427 997 492 maximo
1018 426 1125 492 lavore
1146 424 1407 511 prosequebatur,
1428 444 1490 491 ms·

237 500 320 549 M
336 544 427 607 terna
451 540 561 625 lingua
583 542 772 609 senteutiam
794 540 1027 629 coamplificans
1049 548 1082 608 et
1103 562 1226 608 ornans
1315 540 1401 607 Dum
1421 541 1491 608 laet

336 661 480 743 aguntur,
506 658 706 726 intromissus
730 664 778 726 est
800 659 842 725 ad
862 678 920 726 nos
942 657 1129 727 Godeiridus
1151 678 1254 726 comes
1276 662 1310 725 et
1330 657 1493 725 &vocam

335 773 475 841 eiusdem
497 774 677 859 aecclesiae,
700 794 794 842 orans
815 780 883 843 tam
904 795 963 843 sua
982 796 1076 861 quam
1090 775 1241 842 laicorum
1257 773 1494 857 unanimiroce,

334 908 374 957 ns
403 890 553 957 adversus
581 891 760 959 libertatem
786 892 947 960 electionis
974 891 1156 976 canonicae,
1183 911 1242 979 pro
1267 910 1330 976 qua
1350 894 1495 977 prrsutoe

333 1006 473 1094 ipsorum
502 1008 687 1093 sanguinem
715 1028 809 1075 suum
833 1008 941 1077 multis
962 1008 1072 1097 preliis
1092 1009 1262 1092 indurent,
1291 1004 1417 1093 aliquid
1436 1010 1497 1072 sta·

332 1128 421 1191 tuere
441 1124 608 1208 vellemus3
631 1124 711 1191 nihil
734 1130 839 1193 actum
860 1146 940 1211 esse,
963 1125 1047 1212 qnod
1066 1124 1192 1209 regibus
1213 1124 1356 1211 pervim
1374 1121 1498 1189 electio-

332 1240 382 1307 nis
408 1244 549 1327 potestas
577 1248 660 1309 esset
688 1243 852 1329 adempta3
882 1242 967 1328 quod
993 1240 1151 1309 aecclesiis
1177 1240 1212 1306 iu
1240 1259 1316 1307 orco
1338 1244 1374 1307 et
1395 1238 1498 1324 gladio

331 1355 484 1423 laicorum
505 1355 635 1424 libertas
658 1356 820 1427 electionis
842 1364 927 1427 esset
947 1362 1084 1440 mserta3
1106 1356 1134 1423 si
1155 1375 1240 1444 papa
1260 1376 1319 1444 pro
1342 1376 1403 1423 suo
1417 1355 1499 1424 erbi-

332 1476 417 1540 tratu
445 1472 611 1541 aecclesias
639 1474 735 1542 vellet
762 1476 909 1542 ordinare
931 1480 964 1542 et
985 1493 1136 1562 personas
1157 1472 1192 1539 in
1212 1473 1292 1560 ipsis
1313 1472 1498 1560 provehere,

332 1588 431 1657 setius
459 1590 573 1675 luisse,
601 1591 721 1675 regiam
748 1592 814 1658 rim
841 1610 936 1679 quam
957 1589 1170 1678 pontificalem
1195 1589 1368 1672 sustinere3
1397 1588 1500 1655 modis

332 1705 475 1774 omnibus
505 1706 584 1773 velle
615 1712 648 1774 et
669 1706 848 1793 consulere,
877 1713 915 1774 ut
934 1707 974 1774 de
994 1708 1066 1794 ipsa
1086 1705 1235 1773 Fuldensi
1256 1706 1500 1790 congregatione

330 1821 429 1889 irater
451 1822 564 1908 aliquis
587 1824 627 1890 ad
649 1824 791 1908 regimen
812 1824 954 1891 omnium
975 1826 1196 1907 assumeretur,
1217 1823 1280 1889 nisi
1297 1822 1393 1907 forte,
1417 1821 1499 1909 quod

330 1937 399 2005 lieri
420 1960 483 2007 uon
505 1945 627 2027 posset,
656 1940 760 2007 nullus
782 1941 817 2006 in
839 1960 878 2007 ea
899 1940 1013 2025 dignus
1035 1940 1076 2007 ad
1096 1938 1319 2026 presidentium
1338 1939 1499 2007 invenire·

330 2060 391 2123 tur.
468 2056 534 2123 Nos
556 2075 631 2123 vero
654 2062 768 2124 cuncta
788 2056 867 2123 haec
888 2057 979 2122 suari
999 2062 1032 2123 et
1052 2056 1167 2123 blando
1188 2055 1333 2139 mitigare
1356 2054 1499 2122 volentes

330 2170 466 2258 alloquio
488 2178 520 2240 et
542 2174 765 2259 oportunitatis
787 2172 892 2239 locum
908 2174 1047 2259 reperire
1062 2172 1233 2260 cupientes,
1256 2190 1317 2256 quo
1332 2171 1375 2237 ab
1390 2190 1499 2238 eorum

330 2289 451 2356 actione
481 2288 538 2357 sub
567 2290 671 2376 aliquo
693 2290 741 2357 rei
763 2289 913 2357 honestae
933 2288 1027 2355 titulo
1048 2308 1212 2375 possemus
1234 2287 1414 2371 disoedere,
1444 2306 1499 2374 po-

329 2402 529 2491 stulavimus,
557 2412 594 2473 ut
621 2427 642 2473 a
667 2407 758 2474 nobie
785 2407 941 2493 tantisper
965 2405 1203 2490 egrederentur,
1230 2402 1344 2486 donec,
1371 2402 1499 2470 oollat'm

328 2524 468 2589 omnium
497 2522 676 2606 sententiis,
705 2524 776 2610 pari
804 2527 898 2609 atque
925 2541 1061 2589 consono
1087 2519 1184 2587 verbo
1210 2519 1401 2605 respondere
1425 2540 1498 2607 pos-

328 2659 442 2706 semus.
476 2639 521 2707 At
545 2638 761 2723 introgressi
785 2638 921 2725 quidem,
944 2658 1020 2705 mox
1047 2636 1153 2723 plures
1180 2654 1311 2702 numero
1332 2636 1499 2703 redierunt

327 2759 486 2823 transacto
508 2756 687 2823 brevissimi
708 2755 862 2842 temporis
884 2755 1002 2842 spacio,
1024 2758 1168 2841 petentes
1190 2752 1370 2836 instantius,
1393 2752 1498 2819 uteie

326 2868 493 2959 privilegia
510 2871 679 2939 ·Fuldeusis
707 2869 878 2938 aecclesiae
905 2891 1001 2958 super
1026 2870 1177 2937 electione
1205 2868 1354 2937 abbatum
1375 2870 1496 2955 pande·

326 2994 452 3070 rentur3
482 2988 570 3055 nefas
599 3008 667 3055 esse
695 2992 908 3075 protestantes
936 2987 993 3053 illa
1013 2986 1141 3070 violari,
1168 3006 1239 3053 sese
1258 3006 1317 3071 pro
1338 2984 1497 3069 dignitate

327 3104 510 3172 monasterii
532 3110 617 3172 stare
638 3124 737 3189 usque
761 3103 802 3169 ad
823 3108 959 3170 mortem
980 3123 1048 3170 esse
1061 3107 1205 3189 paratoe3
1228 3121 1289 3187 que
1302 3102 1331 3168 si
1344 3101 1407 3169 hoc
1422 3122 1497 3171 oon·

327 3220 474 3305 timerent,
496 3225 533 3287 ut
555 3220 594 3287 de
615 3220 807 3287 monasterio
829 3220 935 3287 nullus
957 3219 1135 3304 eligeretur,
1157 3218 1349 3304 sequendum
1371 3238 1447 3287 esse
1461 3237 1497 3285 ac

327 3337 512 3419 tenendum3
536 3337 585 3403 sin
608 3342 712 3404 autem
735 3342 855 3421 contra,
877 3338 1003 3404 ruinam
1025 3356 1095 3403 esse
1116 3339 1149 3403 et
1165 3334 1304 3401 omnium
1318 3334 1495 3419 interitum,

328 3452 357 3519 si
383 3453 423 3519 ab
452 3452 501 3519 his
530 3452 726 3539 aliquatenus
754 3454 928 3519 recedatur.
966 3452 1178 3519 Hortabamur
1204 3450 1345 3538 impense
1367 3450 1494 3535 fimes,

326 3588 368 3635 ne
393 3572 502 3635 contra
523 3570 706 3636 mandatum
727 3589 845 3636 novum
867 3574 1023 3653 vestrum,
1051 3568 1135 3654 quod
1155 3572 1287 3652 urgente
1306 3569 1495 3636 nemesitate

327 3688 361 3751 et
381 3691 530 3771 poscente
551 3686 686 3753 utilitas
707 3685 827 3752 iactum
849 3691 927 3771 erat,
950 3684 1108 3772 privilegii
1129 3682 1259 3751 alicuius
1275 3686 1494 3754 auctoritatem

325 3801 564 3889 pretenderent,
590 3822 631 3868 ne
652 3803 736 3869 inter
757 3800 871 3887 laicos,
894 3822 1028 3888 quorum
1048 3820 1088 3869 ea
1107 3800 1238 3868 minime
1259 3800 1409 3885 interest,
1431 3802 1494 3869 dis·

327 3916 481 3985 sensionis
504 3918 670 3985 materiam
692 3918 894 4001 seminarent,
917 3922 966 3984 set
986 3919 1077 3985 iuxta
1091 3918 1233 4005 precepti
1246 3917 1494 3986 vernilem

328 4033 369 4101 ad
391 4032 540 4101 ecclesiae
562 4054 638 4100 suae
660 4032 831 4101 salutarem
851 4034 1064 4120 provisionem
1078 4055 1147 4102 sese
1160 4034 1352 4103 unanimiter
1365 4044 1492 4124 coapta·

326 4156 412 4236 rent,
434 4150 545 4217 scituri
566 4150 664 4236 quod,
688 4152 716 4217 si
737 4150 831 4217 aliter
851 4156 1070 4238 presumptum
1091 4152 1188 4236 forst,
1211 4152 1360 4237 quoniam
1381 4172 1493 4222 manus

327 4264 430 4354 lloysi
455 4286 567 4351 graves
590 4272 673 4334 sunt
706 4266 870 4351 Preterea,
898 4268 965 4335 ianr
985 4288 1050 4335 non
1078 4288 1151 4335 cum
1170 4270 1294 4337 ratione
1319 4268 1492 4339 houesmfls

329 4381 463 4468 ampliss
485 4381 746 4451 dissimulandum
769 4404 838 4451 esse
858 4384 1043 4469 iudicanms,
1066 4385 1285 4473 respondimus
1305 4384 1372 4455 illis
1393 4408 1491 4457 assa·
