3117 4859
390 298 539 347 wmeunr
559 298 748 347 semrom
768 297 822 346 aaa
838 298 893 347 ιιι.
1160 284 1226 352 347

70 437 149 510 228.
171 442 355 509 Tbt'ebuldee
371 444 571 532 praepositus
587 443 756 509 Xammsis
772 442 916 509 wealde
937 445 1093 536 munificat
1113 446 1153 510 de
1174 469 1228 512 ar·

168 558 360 647 ediepboopo
377 560 550 626 Coloniensi
571 582 640 626 eum
659 562 723 626 asie
741 560 1019 627 emmeramum
1035 560 1227 650 profecturo.

167 675 293 763 Pupam
306 679 415 764 repam
429 678 503 759 uult,
524 678 584 743 ribi
603 700 673 743 oum
686 676 877 743 Xeoteruem
885 680 1140 766 praeposituram
1155 701 1227 744 eom-

63 798 66 803 '
169 792 287 875 tulerit,
313 804 349 857 et
370 816 391 858 a
412 816 477 859 sese
500 794 592 859 etiam
615 794 711 861 ubam
727 797 982 883 praeposituram
1002 796 1117 882 uuaipi
1137 796 1227 860 aaut.

1065 907 1121 991 (bb
1139 908 1229 992 179.)

145 1020 271 1091 Dilecto
292 1022 419 1091 domino
442 1044 499 1091 suo
514 1023 685 1108 wibaldo)
700 1024 874 1093 venerabili
889 1024 1088 1093 Gorbeiensis
1110 1024 1228 1093 aeecle-
1246 1030 1316 1086 1150

65 1138 124 1205 siae
146 1139 252 1207 abbati
273 1138 488 1224 Tibiobaldus)
511 1140 572 1209 Dei
595 1144 698 1227 gratia
718 1142 752 1209 id
776 1142 860 1228 quod
882 1126 940 1226 est
962 1142 1134 1209 Xanteusis
1157 1102 1280 1210 aete-F⁰

64 1253 168 1323 elesiae
190 1256 369 1343 prepositus
394 1263 426 1325 et
440 1258 688 1344 archidiaconus,
711 1279 784 1327 cnm
799 1259 942 1328 oratione
957 1264 989 1325 et
1003 1260 1132 1326 servitio
1154 1280 1227 1348 pro-

63 1372 226 1441 eordialem
249 1378 281 1440 et
301 1374 447 1443 mamam
469 1374 678 1443 dilectionem.

142 1488 250 1557 Primo
265 1488 333 1557 loco
350 1490 467 1577 absque
482 1492 568 1559 omni
584 1492 790 1576 ambiguitate
806 1492 887 1559 scire
901 1513 958 1559 vos
973 1491 1128 1578 volumus,
1144 1492 1229 1578 quod

62 1624 278 1695 usquequaque
300 1607 429 1675 servitio
451 1614 557 1675 vestro
581 1610 681 1677 amice
704 1613 736 1675 et
757 1606 893 1675 fideliter
914 1609 1051 1697 expositi
1064 1630 1173 1677 sumus
1196 1613 1230 1679 et

61 1722 269 1791 indesinenter
280 1724 406 1791 erimm.
431 1723 514 1805 Quid
529 1725 613 1793 enim
628 1725 792 1814 pronubis
808 1725 956 1809 feceritis,
973 1746 1066 1811 quem
1082 1724 1228 1794 affectum

12 1918 13 1923 ἵ
63 1860 131 1923 erga
156 1861 216 1908 noe
238 1840 429 1926 habueritis,
458 1840 553 1909 certis
576 1842 802 1929 experimentis
825 1842 1047 1931 persensimus.
1082 1841 1173 1909 Unde
1197 1847 1229 1909 et
1370 1853 1378 1864 “

62 1976 179 2045 semper
200 1978 260 2025 uos
283 1978 352 2025 esse
374 1957 532 2025 debitores
553 1957 642 2025 vobis
671 1959 798 2027 omnino
825 1958 1087 2043 recognoscimus.
1178 1958 1228 2027 De

62 2077 156 2140 cetero
179 2094 237 2141 vos
259 2073 359 2141 latere
382 2074 537 2161 nolumus,
562 2074 636 2162 quia
658 2075 805 2143 dominus
828 2081 936 2143 noster
956 2071 1228 2165 archiepiscopus¹

61 2187 187 2257 Romam
203 2190 252 2257 ire
266 2191 421 2279 disponit3
445 2196 611 2277 eteorum,
634 2192 688 2277 qui
704 2193 860 2279 cumipse
875 2192 1004 2277 vadunt,
1021 2192 1128 2279 aliqui,
1152 2213 1228 2279 qua-

62 2325 176 2395 cunque
197 2314 358 2395 poterunt7
382 2307 477 2375 emuli
499 2308 600 2373 nostri
623 2313 723 2375 erunt.
757 2308 849 2377 Unde
868 2309 1030 2377 humiliter
1050 2312 1083 2376 et
1096 2308 1228 2393 diligen·

62 2422 175 2492 tissime
197 2444 357 2509 rogumue,
380 2429 417 2490 ut
437 2424 559 2509 regiam
580 2426 778 2493 maiestatem
801 2426 925 2493 faciatis
947 2426 994 2492 ita
1010 2424 1147 2493 scribere
1168 2444 1227 2511 pro

61 2540 154 2625 nobis,
178 2540 353 2627 sicutipse
375 2540 518 2609 videritis
540 2542 632 2609 nobis
656 2542 821 2629 expedire3
844 2543 878 2609 in
897 2542 982 2609 hunc
997 2542 1093 2609 etiam
1108 2541 1227 2609 tenoris

60 2650 157 2743 finem,
181 2658 211 2723 si
234 2656 367 2725 domnus
389 2678 475 2746 papa
497 2678 536 2725 ex
558 2658 714 2745 peticione
737 2658 858 2725 domini
878 2660 980 2727 nosbi
1001 2658 1087 2742 regis
1108 2678 1172 2725 una
1193 2657 1228 2723 in

12 2858 15 2865 Ι
60 2778 142 2857 parte
164 2794 224 2841 nos
240 2772 431 2861 sublimavit,
455 2772 618 2858 indulgeat
633 2774 740 2861 etiam,
763 2776 791 2842 si
807 2775 918 2843 electio
933 2774 1084 2843 canonica
1099 2779 1131 2841 et
1144 2774 1228 2841 iusta

60 2906 112 2955 nos
133 2890 231 2957 simul
253 2890 293 2957 ad
316 2889 379 2957 aba
400 2890 568 2958 vocaverit
603 2889 722 2958 Valeto.

61 3098 142 3173 229.
163 3106 330 3196 Presbyter
352 3108 513 3195 φίιοοριιι
535 3104 711 3171 Enceladus
734 3128 755 3171 α
783 3104 925 3173 Wt'baldo
942 3108 1032 3193 petit,
1058 3116 1094 3169 ut
1109 3127 1173 3192 pro
1194 3128 1228 3170 se

165 3222 346 3287 Conradum
366 3244 470 3308 rupem
493 3222 593 3287 adeat.
1064 3218 1120 3301 (M
1138 3218 1226 3301 180.)

139 3352 313 3437 W(ibaldo)
336 3353 572 3439 religiosissimo
597 3374 633 3421 ac
655 3352 1316 3444 sapientissimoStabulensismona-1150

60 3470 142 3537 sterii
171 3470 280 3538 abbati
306 3469 517 3557 P(resbyter),
550 3470 611 3538 Dei
638 3471 742 3555 gratia
768 3469 945 3538 Esculanus
972 3470 1046 3539 licet
1078 3471 1226 3557 indignus

61 3587 233 3675 episcopus,
255 3587 460 3677 participium
481 3588 515 3653 in
537 3588 571 3654 id
593 3582 725 3674 ipsum¹.

142 3702 206 3770 Dei
229 3703 397 3791 sapientia,
420 3724 480 3790 que
503 3702 643 3789 disponit
665 3702 771 3768 omnia
793 3702 918 3789 quando
935 3702 1003 3768 vult
1022 3709 1055 3770 et
1071 3703 1225 3790 quomodo

59 3818 132 3907 vult
155 3818 252 3905 elegit
272 3824 306 3887 te
328 3820 432 3887 virum
453 3820 619 3887 honestum
642 3818 826 3905 religiosum
848 3839 885 3885 ao
905 3819 1096 3909 sapientem,
1118 3823 1155 3883 ut
1177 3838 1225 3883 se·

61 3934 130 4003 dens
152 3957 226 4003 oum
247 3936 443 4024 principibus
466 3943 498 4003 et
520 3934 634 4003 solium
657 3935 775 4019 gloriae
806 3940 928 4021 teneas,
958 3956 1016 4023 per
1043 3954 1136 4021 quem
1161 3932 1224 4021 ipsi

60 4053 196 4119 omnium
217 4072 328 4120 causas
351 4058 406 4119 aut
427 4051 567 4119 iudiciali
590 4051 709 4119 calculo
732 4052 884 4119 dirimam
903 4056 958 4118 aut
973 4048 1098 4118 amicali
1112 4066 1224 4114 conve-

60 4168 175 4236 menda
196 4169 376 4254 terminent,
399 4170 481 4236 tanti
502 4168 655 4256 principis
677 4169 812 4253 gretiam
835 4165 1066 4235 habundantius
1081 4163 1140 4231 tibi
1155 4182 1224 4229 ero·

61 4304 144 4371 gans,
171 4292 207 4353 ut
228 4286 429 4353 contristatos
452 4284 491 4355 ab
513 4304 550 4353 eo
572 4284 737 4369 laetifices,
761 4285 943 4373 desperatos
966 4282 1006 4347 ad
1027 4300 1116 4369 spem
1139 4278 1223 4346 vitae

128 4419 154 4473 1.
172 4417 351 4489 colomensis,
368 4416 548 4475 Aruoidusl.
622 4418 648 4473 2.
666 4416 713 4473 Ps.
725 4417 787 4485 121,
798 4417 826 4471 3.
