3117 4859
306 283 351 351 96
656 301 807 349 wmarmr
826 300 1014 350 nrmnonsu
1036 301 1073 349 rc
1089 299 1126 348 re.

185 449 253 504 1131
307 449 340 511 et
359 447 541 532 pervertere
562 444 844 531 praesumpserint,
868 449 900 511 et
922 443 1035 530 aliquis
1051 442 1108 510 tali
1121 442 1258 509 factione
1273 463 1341 511 sese
1356 441 1476 510 intrudi

146 522 291 632 Pffllpam
306 561 500 648 permiserit,
527 561 645 646 sciata,
668 581 726 628 nos
748 560 876 648 plenem
899 560 937 627 de
959 559 1049 628 vobis
1072 559 1290 628 auctoritatem
1314 566 1346 628 et
1364 579 1476 627 curam

306 682 484 745 retenturos
513 683 546 745 et
571 677 606 744 in
633 677 746 763 talem,
775 683 927 764 tanquam
953 677 988 744 in
1009 678 1167 744 intrmum
1189 682 1221 743 et
1242 677 1423 744 invasorem
1445 681 1477 744 et

306 793 588 882 supplantatorem,
611 815 668 862 uos
690 794 725 862 in
747 793 893 862 omnibus
916 793 1055 862 conciliis
1079 799 1111 861 et
1133 794 1239 879 curiis,
1262 797 1294 860 et
1313 793 1388 860 viva
1401 812 1478 861 voce

307 917 339 978 et
360 912 498 1000 scriptis,
521 933 645 1000 semper
667 917 802 978 acturos.
871 910 920 978 Da
941 911 1035 979 rebus
1059 916 1164 978 autem
1186 910 1373 978 monasterii
1388 909 1478 978 vobis

306 1027 456 1114 dicimus,
483 1050 525 1096 ne
551 1029 633 1098 forte
655 1027 769 1115 aliquis
793 1048 832 1095 ex
854 1027 944 1096 nobis
968 1032 1023 1095 aut
1044 1033 1175 1116 propter
1197 1049 1255 1096 nos
1279 1027 1480 1096 occasionem

306 1145 384 1214 mali
406 1146 557 1234 accipiat,
587 1145 670 1232 quod
693 1144 872 1232 quindecim
893 1149 1017 1212 tautum
1040 1164 1163 1212 mareas
1186 1145 1309 1230 argenti
1332 1145 1373 1212 ad
1395 1144 1479 1210 tanti

307 1282 461 1349 expensas
483 1262 607 1329 itineris
628 1262 719 1330 nobis
742 1261 875 1329 domnus
898 1257 1052 1329 decanus¹
1074 1267 1106 1328 et
1127 1261 1241 1330 danes
1264 1261 1365 1330 nostri
1383 1280 1479 1349 prae-

305 1379 451 1447 buerunt.
486 1378 619 1447 Caetera
638 1399 713 1446 vero
735 1380 843 1446 omnia
865 1383 897 1446 et
918 1379 981 1467 ipsi
1002 1378 1042 1447 de
1064 1378 1212 1446 thesauro
1235 1384 1426 1466 acceperunt
1448 1383 1481 1446 et

229 1557 238 1575 ,
306 1517 365 1584 per
398 1517 433 1564 se
465 1496 500 1562 in
531 1502 599 1562 tam
631 1495 740 1562 multis
769 1501 802 1563 et
829 1496 952 1581 magnis
980 1496 1219 1564 necessitatibus
1247 1495 1478 1584 expenderunt

308 1611 438 1680 Servate
459 1617 611 1699 nostrum,
633 1613 668 1679 id
690 1618 738 1680 est
759 1617 899 1680 vestram
922 1618 954 1680 et
975 1632 1090 1698 meam,
1112 1612 1148 1679 in
1166 1611 1407 1680 remunerandis
1423 1612 1479 1678 ho-

306 1728 455 1816 minibus,
478 1730 532 1816 qui
545 1728 636 1798 nobis
652 1730 837 1814 servierunt,
860 1729 987 1796 famam.
1023 1728 1154 1796 Servate
1168 1729 1264 1798 michi
1279 1727 1480 1796 Gualterium

306 1866 423 1930 meum,
447 1846 501 1932 qui
524 1845 608 1933 apud
629 1867 685 1913 vos
707 1843 852 1914 infirmus
874 1845 1035 1914 remansit
1121 1844 1170 1913 De
1192 1840 1364 1914 Rainaldo'
1385 1845 1480 1913 inva-

306 1983 378 2030 sore
410 1967 443 2031 et
474 1963 602 2051 periuro
635 1963 788 2030 monacho
816 1983 874 2032 neo
901 1964 1019 2031 mentio
1046 1983 1185 2050 unquam
1214 1962 1297 2050 apud
1324 1981 1381 2029 vos
1411 1961 1478 2030 liat.

306 2078 393 2148 Deus
415 2079 504 2170 pacis
527 2085 559 2147 et
580 2078 757 2148 dilectionis
779 2080 822 2147 sit
844 2099 969 2168 semper
984 2099 1056 2148 oum
1071 2079 1215 2148 omnibus
1230 2080 1329 2148 vobis.
1352 2077 1478 2148 Valeta

311 2371 370 2443 15.
394 2375 552 2442 Ws'baldua
566 2376 731 2467 Ruynuldo
748 2369 992 2461 (colementano)
1014 2397 1092 2441 aooo
1110 2377 1214 2442 abbati
1230 2375 1388 2442 (lesinensi
1400 2401 1479 2464 pru-

395 2492 519 2558 abror.
567 2491 707 2559 ostonem
740 2494 890 2559 decanum
923 2503 953 2557 el
979 2493 1120 2557 nandum
1152 2515 1241 2557 suum
1275 2496 1479 2560 commendat.

394 2610 532 2674 Anulum
554 2621 583 2674 et
602 2611 737 2696 serpillum
758 2611 910 2674 remittit‘.
1358 2606 1414 2690 (Μ.
1431 2609 1478 2690 4.)

183 2749 252 2804 1131
394 2740 576 2810 Reverendo
598 2744 683 2829 patri
703 2735 910 2829 Blaynaldo)'
933 2741 1033 2806 sancti
1056 2739 1235 2808 Casiuensis
1258 2741 1397 2808 coenobii
1423 2763 1478 2809 ve-

138 2823 259 2884 ”m
268 2823 441 2925 14nerabili
463 2853 586 2926 abbati⁴
608 2859 707 2926 datm
723 2857 896 2925 Guibaldus
911 2855 973 2923 Dei
994 2857 1096 2940 gratia
1112 2855 1308 2925 Stabnlensis
1325 2857 1478 2928 ecelesiae

306 2994 415 3040 servus
437 2974 687 3042 benedictionem
710 2981 742 3043 et
763 2975 862 3041 vitam
886 2993 984 3058 usque
1006 2973 1040 3039 in
1062 2973 1211 3040 seculum.

394 3089 539 3157 Electum
566 3091 641 3158 vosb
670 3092 829 3159 communi
855 3091 990 3156 fratrum
1017 3089 1193 3156 coniventia
1222 3096 1254 3158 et
1280 3089 1315 3156 in
1344 3089 1478 3158 ecclesia

307 3203 471 3274 Casinsnsi
492 3207 679 3292 regulariter
701 3208 880 3274 ordinatum
904 3206 1076 3292 audientes,
1100 3207 1214 3291 gaudio
1234 3207 1335 3292 gavisi
1350 3227 1475 3290 sumus,

308 3323 425 3411 quippe
449 3325 513 3410 qui,
535 3324 611 3392 licet
632 3323 733 3391 officio
757 3324 860 3391 eidem
877 3322 1025 3390 ecclesiae
1041 3323 1263 3391 administrare
1278 3323 1476 3410 desierimus,

307 3439 420 3508 affectu
447 3447 554 3508 tamur
584 3445 617 3508 et
645 3439 855 3507 sollicitudine
883 3460 947 3507 non
974 3439 1142 3507 alteratum
1164 3429 1304 3508 animum
1325 3441 1474 3525 gerimus.

305 3555 484 3646 Eapropter
505 3579 561 3625 vos
584 3558 618 3623 in
640 3556 766 3624 nomine
780 3555 911 3622 Domini
933 3577 990 3643 per
1012 3557 1194 3644 praesentia
1214 3557 1333 3644 scripta
1347 3558 1387 3625 ab
1402 3559 1476 3626 obe·

306 3671 434 3760 dientia,
458 3696 554 3761 quam
572 3673 662 3741 nobis
678 3672 879 3760 promisistis,
903 3674 1029 3740 omnino
1046 3673 1247 3758 absolvimus,
1271 3680 1302 3740 et
1317 3674 1371 3761 qui
1386 3675 1475 3744 vobis

306 3790 474 3878 aliquando
496 3791 624 3875 indigne
647 3789 851 3877 praefuimus,
879 3791 976 3857 vestri
999 3791 1117 3858 subditi
1139 3796 1171 3859 et
1192 3791 1275 3858 servi
1298 3795 1331 3858 et
1353 3811 1422 3860 esse
1445 3797 1476 3858 et

306 3907 369 3974 dici
390 3928 454 3975 non
477 3907 698 3975 erubescimus.
790 3906 1053 3975 Commendamus
1077 3913 1182 3976 autem
1204 3913 1327 3976 vestrae
1349 3909 1475 3976 caritati

377 4072 398 4106 ι.
416 4060 443 4107 V.
459 4077 529 4117 repra
543 4059 607 4119 pao
623 4077 644 4105 rr.
654 4077 676 4106 a.
736 4059 759 4106 b.
774 4073 818 4106 noa
834 4060 869 4107 ed.
884 4061 985 4123 Angelus
1001 4059 1030 4108 de
1046 4061 1115 4107 Nuce.

378 4155 402 4209 1.
420 4153 495 4211 Otto.
566 4155 592 4210 2.
611 4154 798 4224 Hetruriensi,
821 4154 929 4212 deiecto
946 4153 1047 4212 abbate
1064 4155 1217 4212 (lesinensi.
1288 4157 1316 4212 11.
1334 4155 1474 4212 Oolemen·

306 4247 381 4300 tuno.
451 4242 478 4298 4.
495 4243 562 4299 ciro.
581 4244 616 4298 14
633 4243 704 4300 Nov.
723 4245 792 4300 1131
811 4245 905 4301 abbati
923 4240 1066 4302 (lesinensi
1083 4243 1181 4316 electo,
1199 4261 1262 4301 eum
1281 4245 1353 4316 ,iam
1371 4245 1474 4302 duodo

306 4331 478 4477 cimffldifsla
495 4332 626 4390 Guibaldi
647 4333 973 4392 murmurassent!
1002 4335 1076 4392 Patr.
1094 4333 1165 4391 diac.
1182 4333 1283 4393 coron.
1299 4334 1363 4392 (les.
1380 4335 1412 4391 L.
1426 4333 1473 4392 lv.
1535 4345 1538 4356 ·

306 4423 358 4478 at
425 4461 465 4477 ..
