3117 4859
404 286 553 335 wmsrmr
573 284 760 334 nensronss
781 284 835 333 asu
852 284 906 333 aas.
1184 268 1249 335 381
1290 274 1304 313 ’·

77 426 168 495 iuxta
199 426 284 514 quod
318 428 385 495 cius
419 448 453 496 se
487 448 582 497 causa
614 429 710 497 babet
737 448 809 495 cum
837 446 875 495 co
901 427 1005 496 boore
1031 429 1249 515 perseveretis.
1269 432 1339 489 1150

77 543 188 611 Omnis
203 546 287 611 enim
303 546 377 612 boni
392 546 542 634 principii
556 550 589 613 ct
603 547 681 612 recti
697 546 803 633 operis
816 543 889 612 linis
904 545 1099 632 expetendus
1114 550 1172 611 cst
1200 545 1249 612 De

75 666 180 729 cetero
203 662 247 729 sit
261 661 422 730 vobiscum
438 662 603 747 Dominus,
626 667 659 729 et
673 669 778 729 vestm
794 661 926 749 spiritus
940 660 1104 728 nobiscnm
1118 661 1153 727 iu
1166 660 1248 747 ipso.

76 952 167 1025 256.
187 958 341 1023 Roeerco
355 960 490 1023 derum
506 958 696 1025 stabulensis
714 958 855 1023 Wibuldo
872 959 910 1023 de
926 958 989 1023 suia
1003 958 1160 1023 cecatus
1173 959 1249 1021 scri-

187 1075 238 1139 bit.
267 1072 336 1139 Has
357 1075 474 1139 litteras
490 1074 700 1163 perferendos
722 1075 922 1140 commendat.
957 1074 1048 1157 Petit,
1070 1084 1106 1137 ct
1120 1084 1249 1161 copootc

186 1214 242 1255 soc
260 1192 475 1277 praebendum
498 1192 620 1256 tribuat.
1087 1184 1142 1269 (Μ.
1160 1188 1249 1269 236.)

164 1322 302 1390 Domino
325 1327 357 1390 et
378 1322 464 1410 patri
487 1343 543 1389 suo
567 1321 747 1391 stabulensi
762 1321 934 1390 venerabili
957 1320 1065 1390 abbati
1078 1320 1249 1403 Wlibaldo)
1269 1330 1339 1387 1150

70 1440 173 1507 frater
195 1439 376 1522 Rlobertus)
400 1458 472 1507 curn
495 1440 672 1507 orationum
695 1440 860 1507 devotione
883 1437 1080 1506 obedientiae
1102 1439 1228 1505 bonrnn.

164 1554 320 1635 Quoniam
345 1575 497 1641 cognosco
519 1576 571 1623 me
593 1576 719 1623 servum
741 1561 866 1623 vestrae
889 1556 1083 1639 sanctitatis,
1111 1556 1250 1643 paterni-

69 1672 150 1741 tatis
172 1670 289 1755 lilium,
318 1672 494 1739 dilectionis
518 1673 669 1757 amicum,
692 1673 878 1739 memoriam
899 1672 999 1739 vostri
1020 1670 1101 1739 iccio
1124 1672 1250 1739 assiduo

68 1788 105 1853 in
137 1766 333 1855 cretionibus
355 1789 450 1873 meis,
478 1794 515 1855 ut
542 1809 599 1857 vos
627 1790 704 1855 deus
727 1789 883 1872 omnium,
912 1788 989 1855 deus
1011 1788 1250 1856 miserationum

69 1904 273 1991 omnipotens
300 1908 391 1989 regat
418 1926 543 1992 semper
566 1911 598 1973 et
619 1910 766 1992 protegat
788 1910 821 1973 et
842 1906 963 1989 gratim
986 1926 1062 1972 suae
1083 1904 1251 1992 splendore

68 2020 215 2087 irradiet
261 2020 305 2087 Et
327 2022 402 2107 quia
423 2022 568 2109 probatio
591 2021 767 2089 dilectionis
793 2022 923 2089 exibitio
945 2022 1137 2110 estepanis,
1160 2022 1250 2089 vobis

67 2136 105 2203 in
128 2135 278 2223 operibus
300 2139 414 2205 vestris
436 2138 597 2206 voluntate
619 2139 818 2207 condelector
841 2144 873 2206 et
894 2158 998 2225 opere.
1033 2136 1124 2205 Unde
1146 2139 1180 2205 in
1195 2158 1250 2204 vu·

68 2230 196 2321 suendo
223 2255 379 2321 cimiterio
406 2274 488 2321 noro
517 2260 549 2321 ct
576 2275 676 2341 aquea
705 2256 802 2322 ductu
828 2254 1013 2323 restruendo
1040 2274 1169 2342 operam
1191 2255 1249 2335 do;

68 2370 197 2458 capella
217 2369 302 2438 beati
323 2369 478 2456 Nicholai‚
500 2371 649 2455 gradibus
672 2371 849 2438 dormitorii
871 2371 1095 2458 superioribus,
1117 2371 1251 2437 introitu

68 2487 324 2555 necessariorum
351 2488 581 2572 communium,
609 2508 700 2554 muro
729 2488 864 2574 pomerii
891 2488 965 2553 novi
992 2507 1056 2554 non
1082 2486 1248 2569 neglectis3

69 2604 227 2687 mulieris,
251 2624 331 2689 quae
353 2604 388 2670 in
404 2604 527 2671 modico
543 2608 646 2671 totum
659 2604 791 2670 iactavit
804 2604 839 2670 in
852 2602 1064 2687 gazofilatium
1074 2598 1092 2687 ¹,
1114 2603 1250 2669 formam

68 2724 208 2787 sectans.
253 2719 479 2787 Verumtamen
507 2719 639 2786 lechitus
669 2718 729 2785 olei
759 2725 792 2786 et
813 2718 906 2806 ydria
927 2720 1049 2787 tarinae
1070 2718 1197 2787 cariati
1217 2724 1251 2785 et

68 2836 270 2905 obedientiae
299 2856 363 2904 non
392 2832 617 2923 imminuitur¹.
671 2834 762 2901 Nunc
792 2835 959 2922 quianon
986 2836 1021 2902 in
1048 2835 1170 2902 modico
1198 2856 1249 2902 rc·

68 2952 236 3019 struxistis
257 2974 364 3020 muros
380 2952 593 3037 stabulenses,
616 2951 790 3019 curandum
812 2972 1011 3039 summopere
1034 2957 1092 3038 est,
1115 2957 1152 3018 ut
1170 2951 1248 3017 edii·

67 3068 205 3137 iioentur
226 3070 311 3136 muri
333 3068 534 3137 lherusalem.
625 3069 674 3136 De
703 3074 789 3135 statu
809 3066 871 3135 loci
892 3070 991 3136 vestri
1018 3074 1148 3156 propter
1174 3089 1249 3156 pro-

67 3186 231 3253 lixitatem
256 3186 349 3253 freni
370 3192 475 3252 vestro
505 3192 537 3253 et
564 3192 687 3271 nostro,
716 3186 913 3273 presentium
939 3183 1050 3270 latori,
1077 3186 1249 3253 secundum

68 3302 320 3390 oportunitatem
354 3302 506 3389 temporis
538 3302 634 3387 digna
667 3302 770 3371 relatu
802 3302 892 3370 uobis
923 3301 1094 3369 indicanda
1123 3302 1247 3388 reliqui.

68 3418 170 3486 Cuius
194 3419 333 3485 studium
356 3420 390 3485 in
411 3417 476 3485 filio
498 3418 606 3485 nutris
628 3420 678 3485 sui
700 3418 892 3503 collaudans,
915 3418 1158 3486 utroluntatcm
1181 3420 1248 3487 eius

68 3556 169 3623 super
191 3534 250 3603 hoc
271 3534 441 3621 impleatis,
465 3556 534 3619 or03
558 3536 633 3621 quia
654 3536 688 3601 in
709 3534 769 3601 hoc
791 3536 918 3602 ordinat
937 3531 1118 3602 cantatcm⁸
1133 3536 1168 3602 in
1183 3546 1247 3619 co‘,

68 3652 161 3720 cuius
186 3652 382 3719 ordinatione
404 3658 586 3738 perseuerat
608 3645 702 3717 dies⁴.
733 3650 871 3718 Etcum
892 3657 1019 3739 tempus
1034 3657 1092 3736 est,
1115 3672 1248 3739 operan-

68 3770 148 3835 dum
171 3773 221 3835 cst
243 3768 359 3835 bonum
382 3768 560 3852 indemnes,
583 3768 722 3834 maxime
738 3767 777 3834 ad
793 3763 1010 3853 domesticos‘,
1033 3773 1070 3835 ut
1085 3768 1248 3835 domestici

25 3873 28 3882 ’
67 3884 151 3951 liant
177 3890 244 3950 tam
273 3882 346 3951 fidei
368 3905 464 3970 quam
486 3884 605 3951 ordinis
629 3889 661 3951 et
683 3884 777 3950 sortis
799 3884 871 3951 lesu
894 3884 1022 3951 Christi
1067 3882 1158 3951 Unde
1180 3903 1248 3967 ego,

68 4001 193 4086 gratias
220 3999 409 4087 multiplices
438 4022 534 4085 agens
556 4000 645 4067 robis
674 4021 733 4087 pro
762 4000 919 4069 universis
942 3999 1101 4068 beneficiis
1122 4000 1247 4084 vestris,

69 4118 222 4205 quoniam
250 4138 315 4185 non
340 4138 437 4184 uncrn
464 4122 589 4185 tantum
617 4116 867 4185 benedictionem
893 4116 1033 4200 habetis,
1061 4115 1106 4182 mi
1134 4115 1248 4183 dilecte

145 4274 166 4307 Ι.
188 4272 239 4306 ΜΟ
255 4276 275 4306 0·

142 4348 169 4402 1.
188 4346 273 4402 mre.
287 4346 328 4415 12,
340 4347 384 4402 se.
443 4349 469 4403 n.
488 4346 585 4417 eser.
600 4346 641 4416 ιτ,
656 4347 696 4402 14.
757 4347 782 4403 e.
802 4346 882 4402 cant.
894 4346 920 4414 a,
932 4345 960 4401 4.
1021 4345 1049 4401 4.
1067 4345 1246 4416 sunam.

69 4436 97 4495 s.
116 4434 211 4495 eruc
224 4436 250 4507 s,
263 4436 305 4491 ro.
