3117 4859
392 259 540 308 sumnum
561 257 748 309 semrom
768 259 909 310 our-ess
1165 247 1230 316 501

55 399 321 488 promissionem,
354 401 490 470 inimieis
519 401 634 470 vestrm
661 402 783 474 inimioi
809 404 910 472 umus
936 410 970 472 et
1002 405 1143 475 oiienbs
1175 427 1232 476 vos
1249 413 1321 469 noe

52 513 265 604 affimat
1251 485 1319 536 '‘⁸'‘

152 633 235 703 Sene
248 635 484 722 prenominatos
499 634 618 720 legatos
634 641 758 704 nostros
773 635 963 721 benignitati
977 641 1099 705 vestm
1114 642 1234 706 atteme

53 751 297 836 committimus,
320 755 357 818 ut
379 771 431 818 eos
453 772 512 840 pro
533 755 661 820 nostrae
683 751 860 820 dilectionis
876 753 994 820 intuitu
1009 753 1144 839 benigne
1165 760 1233 822 tra·

52 867 153 936 etatis
176 873 209 934 st
229 868 264 934 in
285 867 351 936 suis
373 867 577 954 petitionibus
600 867 771 936 elementer
786 867 978 953 exaudiatis3
1001 870 1113 938 intime
1135 872 1232 939 etiam

52 989 223 1070 rogantes,
248 989 286 1051 nt
306 984 457 1051 domnum
479 983 624 1053 abbatem
648 985 687 1053 de
708 983 830 1070 Evera,
856 985 948 1052 nobis
970 991 1038 1054 tam
1058 988 1094 1054 in
1115 989 1232 1056 divims

51 1121 156 1188 qnam
178 1100 380 1168 inhumanis
401 1101 495 1169 rebus
516 1103 738 1187 necessarium,
760 1100 894 1170 liberum
917 1103 1008 1171 nobie
1030 1105 1210 1172 remittatis.

54 1311 151 1386 373.
173 1316 349 1406 Stepbumee
376 1319 537 1405 epiecopus
560 1315 704 1384 Metennio
725 1316 868 1384 Wiboldo
895 1319 1014 1400 scribit,
1041 1331 1078 1384 at
1096 1317 1230 1386 Wnieio·

172 1425 348 1490 doreoee'am
370 1435 399 1490 et
420 1422 663 1490 Hoeteer‘enee'om
685 1446 780 1490 sonsa
803 1426 900 1490 adse
921 1427 1032 1491 emat.
1071 1422 1127 1507 (ii
1140 1425 1230 1508 352.)

148 1555 352 1644 Sitephenns)
373 1556 435 1625 Dei
457 1557 560 1642 gratia
574 1554 725 1624 Metennio
746 1557 911 1644 episeopus
927 1555 1097 1642 Wiibnido)
1120 1559 1230 1628 endem
1253 1566 1324 1623 1152

49 1673 163 1760 gratia
184 1673 291 1742 abbati
314 1671 494 1741 stabulensi
516 1671 630 1740 dileoto
653 1692 709 1740 suo
732 1671 868 1740 salntem
890 1678 923 1740 et
943 1693 1037 1742 omne
1058 1675 1186 1744 bonnm.
1246 1640 1329 1690 Μ

146 1788 284 1858 Litteras
307 1788 482 1857 dileetionis
505 1794 629 1858 vestrm
651 1788 787 1858 libenter
811 1790 1022 1878 snsoepimns‚
1052 1792 1229 1878 exquibus

51 1907 226 1975 meantum
249 1911 389 1974 vestrm
411 1906 496 1994 apud
517 1926 575 1974 nos
596 1925 656 1994 pro
670 1906 885 1974 eonuoversia
898 1905 1183 1978 Wuioidorensinm
1197 1915 1231 1980 at

50 2023 308 2090 Hasteriensium
336 2022 558 2091 intelleximus.
594 2021 650 2091 Set
678 2023 828 2109 quoniam
854 2023 940 2092 diem
967 2024 1098 2093 anobis
1119 2032 1229 2113 postu·

50 2141 156 2209 latam
179 2140 346 2209 emersere
366 2159 431 2208 non
452 2159 636 2228 possumus,
664 2139 834 2208 statuimus
856 2140 946 2208 nobis
969 2140 1082 2226 aiam,
1109 2142 1231 2212 soilieet

50 2257 236 2345 proximam
258 2256 428 2326 seeundum
448 2253 578 2325 ierium¹
600 2262 674 2345 post
701 2250 843 2325 sextam⁸
866 2276 886 2323 a
907 2257 998 2324 vobis
1019 2258 1228 2343 nominatam

50 2379 85 2444 at
108 2373 170 2442 boo
190 2371 277 2442 Meti.
311 2373 429 2442 Valete.

52 2577 146 2652 374.
164 2580 322 2648 Wibaldees
343 2579 563 2647 Etetoedom
592 2581 770 2668 episeopmo
796 2577 1052 2666 Bonrberpeoeem
1077 2578 1228 2662 hortabor,

166 2711 206 2753 oe
220 2687 377 2754 Frideriei
390 2685 412 2753 l
427 2687 509 2774 repis
531 2688 575 2752 od
589 2709 713 2775 papum
736 2686 883 2774 epistolae
905 2709 925 2751 o
947 2709 980 2750 se
994 2686 1158 2768 smenatae
1175 2711 1227 2754 eo·

160 2797 233 2884 piis
257 2805 424 2861 commutet
470 2797 514 2859 Aa
540 2817 620 2884 qaae
647 2795 741 2860 uerba
769 2814 790 2857 a
818 2814 891 2879 repe
915 2793 1065 2858 mundato
1086 2796 1162 2876 siat,
1191 2818 1229 2860 ea

159 2926 268 2991 popae
295 2906 437 2990 ositipoto
464 2903 548 2967 tradi
575 2901 647 2967 noli.
692 2901 791 2966 Addit
812 2900 851 2964 de
872 2899 981 2964 litteris
1002 2901 1047 2965 ad
1067 2900 1228 2966 Rooeanos

163 3001 342 3075 mittendis‘.
1062 3003 1118 3088 (M.
1135 3005 1225 3088 346.)

52 3139 57 3158 ²
140 3131 404 3201 Reverentissimo
438 3132 523 3220 patri
556 3151 613 3198 suo
647 3136 679 3198 et
706 3129 833 3197 domino
861 3127 1071 3212 Eberhardo)
1099 3135 1227 3197 sanetae
1259 3139 1329 3196 1152
1366 3174 1373 3192 .

48 3249 321 3335 Bauenbergensis
350 3248 519 3316 aeoolesiee
541 3245 713 3316 venerabili
742 3247 889 3335 episeopo
914 3245 1013 3313 freter
1035 3214 1349 3330 W(iba1dus)¹¹“‘²⁷

48 3367 114 3436 Dei
136 3365 303 3452 gratiani,
327 3365 411 3451 quod
433 3371 482 3432 eet
501 3365 536 3431 in
559 3361 709 3432 eeoelesie
730 3361 895 3448 catholieo,
919 3363 1048 3447 exiguas
1068 3363 1226 3431 orationes

52 3489 83 3552 et
107 3483 256 3551 devotum
278 3481 451 3548 servitium.

141 3597 214 3667 Non
235 3619 343 3665 sumus
363 3598 401 3664 de
417 3595 502 3664 seola
515 3593 692 3680 Phitagore,
715 3600 753 3661 ut
766 3595 925 3661 auditores
940 3599 1065 3662 nostros
1079 3595 1114 3662 in
1129 3595 1227 3662 verba

50 3723 163 3786 nostra
194 3715 299 3783 imane
332 3733 488 3798 cogamus.
539 3708 662 3779 Lioebit
693 3709 801 3797 itaque
831 3709 919 3778 vobis
953 3711 1071 3798 absque
1105 3711 1225 3795 ingenii

50 3833 154 3902 nostri
184 3831 296 3900 acerba
322 3827 563 3920 reprehensione
591 3827 630 3894 de
655 3826 813 3916 scriptura
833 3823 959 3895 nostre⁸
981 3827 1149 3894 immutare
1170 3826 1224 3894 de·

125 3957 152 4010 1.
176 3951 217 4010 Oi.
237 3953 326 4010 Exodi
345 3953 388 4023 23,
406 3952 454 4023 223
472 3951 517 4007 Ps.
536 3949 580 4019 88,
599 3949 642 4006 24.
729 3949 756 4004 2.
779 3949 859 4005 Mart.
877 3949 932 4003 24?
1020 3951 1048 4004 8.
1072 3949 1151 4004 biart.
1169 3949 1225 4004 21?

52 4045 77 4101 4.
102 4042 184 4101 Hane
208 4042 352 4113 epistolam
377 4041 423 4098 die
446 4039 480 4096 2⁷
504 4037 596 4095 iinrtii
624 4037 661 4094 esi
683 4035 875 4095 Eberhardum
901 4037 1012 4094 mirram
1039 4051 1115 4107 seso,
1141 4037 1225 4094 docet

52 4131 200 4190 wibaldus
217 4132 247 4187 in
264 4147 308 4200 sp.
320 4131 372 4187 877
387 4128 458 4185 inire
475 4145 503 4198 p.
514 4129 576 4185 506.
648 4127 675 4186 5.
693 4127 790 4184 idest:
808 4126 989 4184 deFridsrioi
1002 4126 1076 4197 regis
1087 4126 1123 4182 ed
1135 4127 1224 4198 Euge

53 4223 131 4279 ninm
149 4237 248 4292 papam
267 4219 392 4290 epistola
410 4216 567 4275 aWibsldo
580 4217 697 4276 iormste
715 4219 811 4287 (supra
824 4231 868 4286 ep.
880 4215 953 4287 ete),
971 4220 1003 4272 ut
1020 4215 1109 4287 liquet
1126 4231 1161 4272 ox
1179 4231 1224 4272 ax·

54 4317 159 4368 memes
181 4311 262 4366 istim
284 4309 417 4379 epistolae
433 4307 525 4364 verbis
542 4307 598 4366 his:
622 4308 682 4380 „nti
699 4306 800 4367 litteris
817 4303 931 4384 vesum,
949 4319 1021 4386 quae
1038 4304 1074 4367 ad
1091 4303 1222 4371 domnum

55 4416 155 4476 papam
173 4399 293 4475 scriptae
310 4396 393 4458 eunt“
411 4402 464 4456 eet.
