3117 4859
338 253 403 319 198
550 278 555 287 ·
671 270 820 319 wmmmr
839 270 1025 319 unusnonsn
1047 269 1099 317 m.
1116 269 1170 317 irs

249 417 318 475 1119
426 410 514 479 Siout
542 418 665 479 vestroe
692 411 870 479 eelsitudini
897 413 961 481 iem
989 417 1082 481 entes
1108 413 1336 497 suggessimus,
1367 412 1494 499 elerie‘u,

337 529 390 615 qui
418 528 600 597 ueoolesiem
628 528 668 596 de
689 527 838 597 Linwerd
865 534 1049 613 tenuerunt,
1078 535 1110 597 ot
1135 529 1328 617 prebendam
1352 531 1495 599 011010-

335 644 441 713 fioium
463 645 635 713 obiudioori
656 645 788 713 ieoimus
810 651 940 733 propter
962 645 1027 712 tria
1047 644 1196 733 oepituls,
1222 666 1356 732 quorum
1378 647 1498 732 singulo

334 767 481 849 poterunt
501 782 570 829 esse
591 763 812 849 peremptoris„
846 762 964 846 Primo,
987 762 1070 849 quod
1087 763 1204 830 donum
1221 762 1331 831 ulteris
1346 768 1382 831 et
1393 783 1497 833 euram

335 878 511 947 animarum
539 879 559 945 d
584 879 673 946 vobis
700 880 860 965 suscipere
885 878 1107 963 neglexerunt3
1134 879 1218 946 unde
1242 884 1276 947 et
1297 880 1411 948 eudem
1432 900 1498 948 seo·

335 994 444 1080 elesio,
472 1016 552 1081 quoe
582 1000 630 1063 est
651 994 848 1063 Gorbeionsis
875 994 1044 1063 oeeolesioe
1068 995 1243 1082 possessio,
1272 997 1307 1062 in
1333 997 1389 1063 ius
1412 996 1498 1065 robis

333 1112 578 1199 proprietarium
601 1111 779 1179 adiudieeto
801 1116 865 1196 est,
891 1117 941 1179 set
961 1132 1019 1199 per
1040 1112 1176 1195 gretiam
1198 1116 1231 1180 et
1250 1112 1499 1180 miserioordinm

334 1232 471 1296 vestrum
496 1228 587 1295 nobis
609 1234 642 1295 et
662 1230 854 1295 monasterio
874 1234 982 1296 nostro
1004 1229 1089 1295 omni
1112 1248 1185 1295 oum
1204 1229 1389 1313 integritate
1410 1230 1499 1297 resti

333 1350 411 1411 tutu
447 1344 599 1428 Seoundo,
623 1346 930 1431 quodoensum,e1
951 1346 1080 1431 antiquo
1101 1344 1172 1411 iure
1187 1344 1339 1429 debitum,
1363 1346 1499 1433 iumper

333 1462 493 1529 biennium
512 1460 633 1528 solvere
647 1460 862 1546 neglexerunt.
898 1462 1018 1546 Tertio,
1040 1461 1133 1548 quod,
1149 1462 1279 1529 doourso
1292 1462 1360 1529 iam
1373 1470 1501 1530 nostrus

332 1577 516 1666 prelationis
546 1578 629 1665 opud
652 1577 818 1645 Gorbeism
845 1579 943 1645 trium
964 1574 1047 1646 iere¹
1069 1598 1224 1645 onnorum
1244 1578 1369 1665 spooio,
1397 1599 1500 1665 nequo

333 1695 374 1761 ud
395 1714 452 1761 uos
474 1699 627 1763 venerunt
648 1714 706 1761 nso
727 1694 867 1761 debitum
887 1693 978 1761 uobis
999 1695 1209 1762 reverentiam
1231 1700 1264 1761 ot
1278 1695 1435 1763 bonorem
1448 1716 1499 1762 ex·

332 1812 487 1879 ibuerunt
566 1810 652 1890 Ques
674 1830 745 1878 oum
767 1812 815 1877 ite
835 1811 909 1895 sint,
932 1811 1076 1878 misimus
1098 1811 1140 1879 ed
1160 1811 1258 1899 pedes
1279 1817 1406 1879 vestroe
1429 1832 1500 1879 ssu-

332 1927 450 1995 otitstis
465 1924 662 1995 corbeiensis
685 1926 854 1995 eomlosioe
876 1928 1084 1995 numerarium
1105 1928 1163 1995 sub
1185 1927 1243 1995 toli
1259 1927 1418 1995 disoretm
1434 1948 1499 1995 mo·

332 2044 502 2113 durationis
525 2043 688 2128 mundato,
714 2048 765 2127 ut,
788 2044 937 2129 quonium
959 2062 1127 2131 personum
1149 2044 1236 2111 vobis
1259 2043 1397 2129 exiberi,
1421 2064 1500 2131 que

332 2182 440 2229 eurem
462 2160 602 2227 eiusdem
624 2159 794 2227 eooolosioe
815 2162 998 2247 susciperet,
1020 2160 1218 2247 preoopistis,
1240 2160 1269 2227 si
1289 2161 1381 2228 iovor
1394 2168 1499 2231 vester

331 2278 415 2345 oiroe
437 2276 574 2364 aliquem
595 2296 764 2364 personum
785 2276 971 2360 inclinetur,
1000 2296 1071 2344 eom
1093 2276 1182 2345 vobis
1204 2296 1244 2345 ex
1265 2283 1377 2345 nostru
1396 2285 1499 2366 porte,

332 2392 418 2463 salvo
447 2393 514 2462 iure
539 2398 647 2461 nostro
670 2398 702 2460 et
724 2412 820 2461 oensu
841 2392 1024 2478 aeoolesioe,
1052 2398 1235 2481 presentare
1255 2394 1385 2478 debent,
1419 2416 1499 2483 quse

331 2512 458 2599 quidem
479 2530 625 2598 persono,
648 2509 722 2577 lioet
737 2509 806 2577 sole
819 2529 927 2577 eurem
942 2510 1086 2598 desipiat,
1109 2515 1216 2577 tonum
1229 2511 1265 2578 in
1279 2516 1396 2597 quarto
1407 2518 1498 2600 porte

330 2628 508 2716 prebendae
536 2628 556 2694 d
582 2626 673 2694 nobis
702 2626 907 2694 ordinabitur.
944 2626 1034 2706 Quod
1060 2626 1089 2694 si
1117 2627 1213 2694 etium
1238 2626 1278 2695 de
1299 2628 1403 2695 tribus
1425 2630 1497 2697 reli-

330 2747 401 2832 quis
430 2744 596 2833 prebendis
626 2747 749 2811 vestroe
778 2743 959 2811 diseretioni
980 2743 1149 2830 ploouerit,
1177 2749 1215 2809 ut
1236 2743 1341 2829 ulique
1360 2766 1497 2833 persons

330 2862 419 2929 vobis
445 2866 536 2946 grets
556 2860 758 2943 investiatur,
788 2860 885 2927 etium
905 2860 940 2927 in
962 2859 1021 2927 boo
1042 2864 1166 2927 vestroe
1186 2859 1342 2927 voluntoti
1362 2860 1496 2931 libenter

331 2978 624 3065 obtemperabimus.
660 2976 696 3043 Si
717 2996 791 3043 vero
813 2976 902 3043 nulle
921 2976 961 3043 de
983 2976 1093 3045 amieis
1115 2978 1229 3045 vestris
1242 2977 1429 3047 ordiusudis
1443 3000 1496 3047 vo·

330 3096 378 3163 bis
400 3094 545 3161 voluntas
568 3098 664 3177 extat,
687 3112 865 3180 personum,
888 3114 983 3179 quem
1005 3094 1036 3161 oi
1057 3113 1096 3160 er
1109 3094 1238 3161 nomine
1251 3092 1494 3179 designavimus,

330 3211 418 3279 vobis
432 3210 636 3298 presentabit.
660 3210 712 3277 Ad
726 3208 950 3277 tumulandum
964 3229 1087 3295 quoque
1100 3208 1295 3294 beneficium,
1310 3212 1397 3296 quod
1405 3213 1494 3281 uobis

329 3326 502 3395 liberaliter
523 3327 738 3413 impendistis,
767 3333 800 3395 et
821 3327 862 3393 od
889 3326 1132 3413 promerendum
1159 3326 1348 3395 oumulutius
1368 3335 1494 3397 uostm

330 3444 491 3511 servitutis
508 3449 719 3528 augmentum,
735 3443 819 3531 qnod
832 3442 914 3511 bono
929 3441 1098 3509 inoboustis
1112 3443 1280 3529 principio,
1294 3442 1359 3511 tino
1375 3446 1493 3533 optimo

329 3560 516 3645 terminetis,
539 3565 571 3627 et
592 3581 650 3627 uos
672 3561 711 3628 de
734 3561 835 3627 emioo
858 3559 946 3627 vobis
969 3558 1194 3626 amieissimum
1215 3558 1368 3628 effioiotis

333 3790 418 3863 178.
439 3790 604 3859 Heinrieos
637 3792 883 3881 archiepiscopus
912 3793 1111 3879 Mopomts'nus
1137 3792 1278 3860 stuldo
1307 3797 1428 3878 cesidii,
1460 3800 1491 3861 io

438 3910 555 3999 muodo
577 3908 778 3997 Erfurdieoes'
800 3933 880 3997 poue
902 3921 972 3975 aeto
992 3910 1062 3975 etse.
1332 3908 1489 3991 (1121.)

241 4063 310 4121 1149
418 4043 610 4125 Η(01011000)
639 4040 698 4109 Dei
726 4042 830 4126 mutia
853 4040 1056 4126 Moguutinse
1084 4040 1168 4108 sedis
1196 4041 1323 4110 humilis
1350 4044 1490 4111 minister

328 4160 495 4245 wibaldo)
526 4158 654 4247 spooinli
682 4160 783 4227 amieo
810 4179 883 4244 suo,
912 4158 1109 4226 Gorboieusis
1135 4158 1304 4227 aeoulesioe
1323 4160 1489 4229 reuerubili

400 4303 425 4356 1.
447 4301 542 4371 itoqus
565 4304 630 4357 oute
652 4298 890 4357 1100011149
911 4299 1015 4370 scripto
1035 4296 1106 4356 bueo
1126 4299 1245 4370 epistole
1265 4304 1318 4358 est
1344 4300 1387 4359 Gt.
1410 4316 1487 4371 supro

329 4405 373 4461 sp.
387 4390 437 4446 141
456 4406 483 4462 p.
496 4390 549 4449 228
566 4406 594 4445 n.
606 4391 631 4446 2.
