3117 4859
376 301 527 351 wrnsrmr
547 301 734 351 nrrsronss
756 301 810 349 rsa
826 302 879 350 188.
1147 286 1214 355 259

52 446 97 507 tur
120 438 220 507 efficio
250 445 305 507 tuo
331 448 530 529 nequaquam
559 443 703 529 expedit,
732 447 770 510 8ι
797 464 906 511 servos
927 445 989 511 Dei
1017 450 1050 512 81
1072 446 1108 512 18
1129 446 1212 513 1888
1235 451 1305 507 1148

50 558 202 644 proposito
227 558 436 645 perdurantes
463 564 574 625 contra
601 560 760 627 iusticiam
783 559 897 627 debeas
918 561 1102 646 molestare,
1132 560 1211 629 dile-

50 673 138 740 811881
157 678 231 741 tuae
253 675 450 760 mandamus,
474 676 621 762 quatinus
645 695 718 743 cum
733 676 884 764 predictis
899 677 1050 745 tratribus
1064 678 1112 745 ita
1126 697 1213 744 com·

50 809 151 876 ponas,
172 796 295 857 11888
315 790 461 876 habeant,
484 792 569 860 unde
591 793 677 881 apud
696 792 805 861 sedem
818 792 1026 880 apostolicum
1039 795 1122 863 iuste
1137 814 1212 862 cou-

50 906 130 992 quori
151 906 288 975 valeant

53 1118 130 1191 155.
153 1122 312 1189 thaldoo
328 1121 569 1205 substantem,
592 1148 625 1189 se
648 1124 687 1189 de
707 1135 807 1191 morte
828 1128 1025 1213 pomacium
1045 1124 1213 1192 monacho·

150 1262 223 1305 nrm
245 1239 358 1322 dolere,
381 1240 494 1305 setis
527 1239 579 1305 Ne
595 1242 663 1327 pais
679 1262 786 1307 eoram
795 1246 1023 1329 praestationes
1035 1243 1216 1309 monasterii

150 1356 292 1437 81811881,
314 1357 477 1421 interdicit.
511 1355 786 1423 1181818818ιίὸί
805 1358 896 1425 idota
917 1359 1014 1425 addit.
1052 1355 1215 1439 (11136.)
1415 1445 1417 1452 Ι

128 1486 242 1554 Frater
257 1486 447 1571 Wtibaldus)
471 1485 532 1554 Dei
558 1490 663 1572 gratis
691 1489 726 1556 id
754 1490 839 1575 quod
861 1496 911 1557 881
930 1491 966 1557 18
988 1490 1141 1558 aecclesia
1161 1510 1215 1557 ca·
1233 1500 1303 1559 1149

49 1602 157 1669 thelica
177 1602 340 1687 1118188818)
364 1603 537 1671 venerabili
559 1604 676 1672 188188
700 1608 732 1672 81
753 1608 866 1673 ceteris
888 1607 924 1673 in
940 1606 1067 1675 Christo
1090 1607 1215 1675 dilectis

49 1718 203 1804 ratribus,
218 1720 413 1789 Stabulensis
425 1720 576 1789 ecclesiae
586 1719 672 1807 filiis,
687 1722 939 1791 benedictionem
954 1728 988 1791 81
1000 1724 1101 1791 sitam
1114 1742 1217 1810 usque

49 1836 79 1901 in
98 1836 249 1905 seculum.

128 1952 306 2020 Luctuosas
327 1954 393 2021 iam
416 1954 435 2022 1
455 1953 549 2038 longo
572 1959 713 2041 tempore
735 1954 860 2023 litteras
882 1955 902 2021 t
922 1959 1030 2023 vestra
1051 1960 1144 2044 parte
1164 1976 1217 2024 ao·

50 2069 193 2155 cepimus,
220 2090 284 2137 non
306 2071 451 2157 equidem
472 2076 578 2139 vestro
599 2072 688 2157 vitio,
712 2073 767 2158 qui
790 2092 915 2159 semper
937 2077 970 2139 et
991 2072 1102 2161 optare
1124 2074 1216 2141 nobis

51 2190 78 2250 at
96 2187 290 2253 annunciare
312 2207 467 2274 prospera
488 2189 694 2256 consuevistis
717 2194 750 2255 et
769 2208 974 2275 quascunque
986 2190 1116 2256 fuerunt
1130 2208 1217 2257 acer·

51 2300 131 2369 liora
152 2303 310 2389 usquein
333 2308 509 2371 extremum
531 2305 728 2372 necessitatis
751 2305 919 2372 articulum
934 2306 1046 2391 celare,
1069 2310 1120 2372 set
1133 2306 1219 2392 quod

51 2438 154 2485 manus
176 2418 241 2486 Dei
267 2440 366 2506 supra
392 2422 619 2488 monasterium
648 2427 792 2489 nostrum
815 2426 866 2489 est
886 2426 1029 2505 extenta,
1058 2421 1217 2489 evocando

52 2534 87 2599 ad
106 2556 139 2602 ss
162 2541 198 2603 et
219 2535 431 2604 subtrahendo
452 2537 544 2604 nobis
566 2538 680 2605 1181188
703 2542 839 2623 nostros,
861 2538 957 2604 rebus
977 2539 1087 2624 utique
1101 2538 1218 2605 diuinis

52 2653 181 2719 maxime
205 2651 298 2719 utiles
322 2673 358 2721 ao
379 2656 582 2721 necessarios.
616 2654 682 2721 Nos
704 2654 881 2737 tristamm,
903 2654 1029 2739 1881888,
1053 2653 1218 2740 8181818-

52 2787 168 2854 gemus,
197 2768 271 2835 illos
297 2770 389 2837 nobis
418 2790 488 2837 osse
516 2770 694 2857 ademptos,
723 2770 778 2856 qui
807 2770 942 2837 orabant
965 2790 1025 2858 pro
1046 2770 1164 2858 populo
1186 2776 1219 2837 et

52 2904 102 2970 pro
123 2886 255 2953 civitate
276 2890 401 2970 888118,
429 2888 544 2954 intenti
565 2887 683 2971 iugiter
705 2886 799 2953 corde
821 2890 854 2952 et
874 2904 951 2952 voce
974 2886 1088 2979 adsui
1110 2885 1219 2953 88811-

52 3002 122 3067 toris
144 3021 288 3068 amorem
305 3006 337 3067 81
350 3000 486 3087 laudem,
510 3006 665 3070 sectantes
680 3002 843 3069 humiliter
857 3022 982 3071 omnem
998 3002 1219 3088 obedientiam,

54 3115 212 3203 diligentes
246 3118 401 3185 veraciter
435 3124 576 3185 88811818
603 3138 788 3206 personsm3
823 3124 873 3185 881
898 3118 1035 3186 laetatur
1061 3119 1097 3185 in
1123 3119 1220 3186 coelis

53 3232 190 3301 Christus
213 3254 286 3301 cum
309 3234 439 3319 angelis,
462 3235 561 3301 118188
584 3256 637 3303 888
661 3256 730 3303 esse
750 3236 905 3322 exipsius
919 3236 1041 3319 gratiae
1056 3235 1220 3320 1888318-
1291 3315 1295 3325 ‚

54 3350 147 3417 riosae
180 3350 320 3417 civitatis
348 3371 424 3417 suae
452 3352 636 3438 municipes.
678 3351 813 3419 Domine
842 3351 928 3436 lesu,
961 3350 1090 3435 indulge
1116 3351 1218 3437 nobis,

55 3466 121 3550 quia
145 3467 310 3554 ploremus
338 3486 407 3550 eos,
436 3487 514 3553 quos
541 3474 578 3535 tu
604 3468 735 3554 recipis3
764 3488 830 3535 non
853 3468 915 3535 tibi
936 3468 1113 3534 invidemus
1136 3467 1221 3555 quod

54 3580 152 3668 habes,
180 3589 229 3650 set
251 3584 291 3649 de
313 3583 380 3650 acie
401 3588 512 3650 nostra
532 3584 722 3651 fortissimos
745 3583 912 3652 bellatores
935 3584 1111 3652 subtractos
1134 3584 1221 3651 dolo·

55 3717 132 3784 mus,
160 3700 238 3765 licet
263 3700 353 3787 apud
375 3706 407 3767 te
434 3700 499 3767 iam
526 3719 584 3767 nos
612 3700 801 3767 familiarius
824 3700 988 3785 adiuvent,
1019 3700 1059 3767 de
1080 3720 1115 3767 se
1136 3719 1221 3767 8888

57 3816 160 3901 securi,
185 3820 234 3882 set
255 3816 295 3881 de
316 3816 407 3883 nobis
429 3816 566 3883 solliciti.
601 3814 734 3883 Flevisti
756 3821 789 3883 81
809 3821 855 3901 to,
879 3816 1025 3902 Domine,
1044 3815 1218 3898 Lazarum3

58 3936 99 3997 881
128 3933 205 4017 quia
237 3931 381 3999 fortassis
413 3931 624 3999 resuscitabas
657 3933 774 3999 iterum
806 3932 900 4000 liuius
933 3933 1019 4001 ritae
1050 3952 1220 4020 passurum

59 4054 211 4133 11118888,
241 4048 296 4133 qui
317 4052 460 4115 mortuus
482 4049 591 4115 luerat.
609 4050 649 4115 ed
671 4049 826 4135 quietem,
852 4049 1035 4117 lacrimatus
1056 4070 1091 4117 88
1111 4054 1220 4116 temen

59 4164 249 4231 8111118888
272 4170 305 4231 81
326 4165 427 4231 amico
450 4164 564 4232 8118811
586 4186 779 4252 quocunque.
812 4164 857 4232 Et
876 4186 936 4233 nos
951 4165 1113 4232 fundimus
1125 4164 1221 4232 lacri-

60 4296 120 4346 mas
145 4301 209 4348 non
237 4281 466 4368 desperationis
494 4286 543 4348 set
571 4281 763 4366 dilectionis,
799 4302 864 4348 non
893 4282 957 4348 odii
985 4287 1035 4348 set
1061 4281 1220 4367 desiderii,

60 4412 117 4462 888
137 4398 211 4485 quia
233 4397 275 4465 sd
296 4402 329 4464 te
350 4399 554 4484 transierunt,
577 4399 723 4487 estquis
745 4399 765 4466 t
786 4398 877 4465 nobis
891 4403 1098 4465 recesserunt
1159 4398 1221 4468 Ve-

953 4512 1009 4569 17⁸
