3117 4859
224 426 295 483 1146

207 500 273 549 biert
284 501 313 549 21

134 1794 146 1807 ”
245 1832 315 1889 nes

246 1907 310 1954 Innio
349 1937 356 1953 .

330 260 396 329 246
710 276 860 355 emnem
881 274 1047 325 errorem
1069 274 1123 322 rso.

330 422 435 508 inquit
448 424 674 489 ommutescere
690 420 822 486 coneilio
843 422 985 507 qrieoopi
996 415 1298 487 Potherbomenete¹
1312 433 1342 487 et
1353 419 1486 502 otiores,

332 543 389 628 pei
404 550 564 626 protentae
587 538 730 619 oderaet,
749 559 815 625 pro
836 537 1005 603 ebetibterte
1021 560 1180 624 personae
1196 552 1225 605 et
1245 541 1405 626 eymoetbe
1423 560 1489 603 eon·

321 657 465 743 fossione
488 668 517 722 et
537 656 748 721 inobedientia
763 668 792 721 et
805 657 934 721 caerem
949 676 1019 720 eum
1034 656 1073 719 de
1087 655 1215 721 abbatie
1235 668 1265 722 et
1278 657 1317 721 de
1326 656 1490 721 ¹ooeerdotr'o

331 775 546 861 deproeeimeo,
575 772 743 839 monoeboe
765 772 805 837 ob
829 771 1021 851 obedentia,
1049 784 1079 837 et
1101 794 1219 852 omnes,
1245 776 1304 858 qui
1322 774 1495 837 iuraverant

331 890 394 957 ebe·
406 862 601 975 fidelitatem²
626 894 647 953 ά
670 888 770 954 debito
793 891 964 954 iuramenti
977 888 1176 954 absolventes.
1211 887 1345 970 Qoodes',
1362 891 1434 953 υἱέε
1448 888 1495 954 vel

332 1008 450 1073 audeo
472 1006 521 1071 bie
544 1005 672 1085 lieet,
702 1007 736 1068 ire
759 1005 887 1071 abbatie
910 1008 1074 1071 coemere
1090 1007 1296 1092 pertinenter
1316 1005 1447 1071 voluerit
1469 1018 1495 1071 et

331 1123 512 1190 oeoekeiom
534 1125 570 1187 ie
586 1124 734 1208 perrone
757 1121 807 1185 ool
828 1122 917 1187 boeio
940 1124 1007 1187 seio
1015 1145 1078 1209 per
1091 1144 1125 1187 ee
1137 1122 1187 1187 oet
1195 1145 1257 1209 per
1270 1121 1413 1208 Quem
1426 1122 1496 1186 eeb-

331 1242 460 1307 omeeone
476 1260 649 1326 personam
664 1238 765 1303 leem
778 1237 903 1304 neotitoe
917 1239 1023 1326 feerit
1044 1244 1065 1303 ἀ
1081 1241 1233 1326 promere
1251 1239 1410 1303 doomeebe
1425 1238 1497 1324 pol·

332 1350 483 1436 mm’,
507 1377 577 1420 eum
600 1358 909 1421 exeommunieomue.
944 1353 1068 1421 viderit
1089 1353 1128 1421 de
1150 1353 1347 1421 absolutione
1366 1374 1433 1437 sue,
1454 1353 1499 1419 vi·

332 1473 416 1541 derit
438 1471 477 1539 de
498 1470 700 1537 restitucione
728 1469 933 1537 sacerdotatis
954 1468 1059 1537 offleii
1104 1469 1191 1537 Heee
1218 1472 1253 1537 in
1281 1490 1355 1537 eum
1379 1469 1501 1557 prolate

333 1590 366 1657 in
395 1587 510 1655 indicio
540 1591 573 1653 et
600 1587 721 1674 scripte
749 1586 807 1654 sub
830 1586 934 1671 sigillo
956 1587 1092 1654 inerunt.
1139 1586 1195 1656 Set
1220 1587 1340 1673 ridete,
1369 1586 1500 1673 qneliter

333 1706 452 1772 totiens
474 1706 541 1770 tem
564 1701 675 1770 eeorbe
698 1702 889 1769 ammonites
911 1704 1089 1791 resipuerit.

422 1819 519 1887 Venit
539 1818 573 1887 in
594 1839 703 1887 mense
718 1819 808 1886 Innio
823 1814 956 1887 Giseke³
971 1822 1007 1886 in
1021 1820 1149 1903 domem
1170 1821 1288 1887 sororis
1310 1840 1386 1887 snae
1409 1820 1501 1888 ebbe-

334 1932 456 2022 trssee⁴‚
480 1958 560 2023 qnee
586 1956 646 2004 nee
673 1956 799 2003 saomm
826 1936 957 2021 virginis
983 1936 1126 2004 velamen
1153 1958 1212 2024 per
1238 1937 1502 2004 consecrationem

333 2055 474 2143 episcopi
496 2054 635 2141 suscepit
656 2073 715 2121 nee
736 2054 986 2121 benedictionem
1009 2055 1049 2120 ed
1070 2054 1216 2121 abbatiae
1230 2054 1407 2138 regimeni
1428 2074 1502 2141 pon·

333 2170 417 2239 titiee
445 2171 583 2258 eoeepit,
612 2190 685 2237 enm
712 2175 820 2237 temen
847 2172 912 2237 iem
941 2176 1036 2237 antee
1062 2170 1141 2237 dues
1169 2170 1330 2255 abbatiss,
1359 2171 1504 2238 videlieet

333 2285 565 2372 Eskenewege⁵
596 2292 628 2354 et
655 2285 839 2372 Ramnete,
867 2308 925 2375 per
955 2286 1138 2354 violentiam
1167 2287 1368 2373 ooenpeverit
1398 2293 1504 2375 prete

333 2401 450 2489 illem⁸,
475 2424 570 2491 quem
591 2402 684 2470 modo
707 2408 803 2471 tenet.
837 2403 881 2470 Et
901 2403 1013 2471 hebuit
1034 2402 1200 2470 eonsilium
1221 2424 1294 2471 eum
1314 2403 1503 2472 ministerio·

333 2524 416 2592 libus
439 2522 557 2589 nostris
580 2540 711 2588 numero
735 2526 878 2606 quotuor,
902 2521 957 2607 qni
975 2519 1036 2587 soli
1050 2520 1089 2587 de
1111 2520 1255 2588 omnibus
1276 2520 1367 2588 lnieie
1389 2522 1433 2587 ed
1454 2521 1502 2587 de·

332 2639 524 2728 positionem
550 2638 651 2726 ipsius
680 2636 819 2705 maxime
840 2642 915 2703 sunt
936 2637 1053 2720 ednisi3
1081 2637 1300 2705 reoonoilietns
1329 2642 1379 2704 est
1406 2638 1453 2704 eis
1473 2638 1504 2702 in

334 2755 440 2824 osonlo
461 2756 561 2843 petis,
584 2754 707 2822 utinam
729 2758 860 2842 propter
882 2774 964 2838 enm,
988 2754 1043 2839 qui
1062 2754 1253 2821 ostkerites.
1289 2754 1345 2822 Set
1357 2755 1502 2822 inventes

335 2878 383 2941 est
405 2871 496 2940 doles
518 2872 553 2938 in
575 2892 630 2938 ore
651 2872 804 2958 ipsorum,
827 2870 976 2955 qnoniam
991 2890 1100 2937 eornm
1114 2871 1242 2957 quidem
1264 2890 1321 2958 spe
1342 2871 1501 2938 eninsdnn

334 2990 437 3077 turpis
461 2988 637 3055 eommertii
660 2992 692 3053 et
714 2988 818 3076 ipsum
840 2988 967 3054 voterit
987 2990 1020 3053 et
1038 2988 1109 3073 ipse
1127 2986 1202 3055 illue
1216 2989 1312 3056 venit
1346 2986 1446 3055 (boine
1458 2988 1502 3054 rei

335 3106 488 3173 relatione
503 3123 562 3171 neo
573 3107 695 3170 vestros
711 3124 803 3171 eures
818 3103 1032 3171 sanctissimos
1047 3104 1137 3171 deest
1150 3105 1276 3189 greveri
1290 3123 1349 3172 nee
1362 3110 1502 3173 nornen

336 3220 564 3309 professionem
586 3239 645 3285 neo
665 3220 773 3287 stilum
789 3220 1010 3303 contamineri3
1033 3221 1172 3288 radicem
1186 3221 1395 3289 conveniendi
1410 3227 1443 3289 et
1456 3242 1501 3289 er-

337 3338 445 3404 borem
468 3334 591 3402 consilii
613 3356 670 3402 nos
693 3336 732 3405 de
754 3338 908 3406 frnotibns
928 3338 1022 3425 plene
1036 3337 1247 3421 eognovimus.
1313 3338 1501 3406 Reoedentes

338 3454 422 3521 enim
445 3453 485 3519 ab
507 3451 616 3519 eodem
638 3452 804 3539 eolloqnio,
829 3458 999 3541 coeperunt
1018 3453 1173 3540 paulatim
1195 3460 1229 3521 et
1243 3454 1364 3521 oooulte
1378 3476 1437 3543 per
1451 3475 1499 3521 ex·

336 3576 457 3637 tremes
479 3568 667 3637 conditionis
689 3575 720 3638 et
734 3571 879 3638 fortunae
892 3590 1044 3659 personas
1059 3572 1094 3637 in
1107 3570 1219 3655 vulgus
1233 3591 1399 3657 spergeret
1424 3570 1500 3658 qnod

337 3706 534 3774 nequaquem
558 3706 696 3755 essemus
718 3687 803 3755 ultre
824 3688 972 3770 redituri3
997 3687 1158 3755 dominnm
1176 3687 1277 3772 illem,
1300 3688 1353 3755 eni
1366 3688 1499 3757 reoonei-

336 3803 405 3871 lieti
429 3807 536 3887 erent,
560 3803 719 3871 abbettem
740 3806 808 3873 sire
828 3806 899 3873 inre
920 3806 987 3872 sire
1008 3805 1126 3871 iniuria
1144 3809 1354 3892 receptorum
1400 3806 1499 3891 Atqne

337 3921 465 3989 interim
486 3919 656 3987 meledicta
676 3928 709 3988 et
730 3922 929 3989 incredibilia
950 3922 1068 4010 probra
1088 3921 1127 3988 de
1143 3940 1280 4009 persone
1293 3927 1326 3989 et
1339 3940 1497 3989 eonversa-

338 4040 423 4107 tione
444 4041 554 4105 nostre
575 4035 609 4103 in
623 4038 776 4126 populum
792 4040 992 4127 spergebent.
1027 4038 1220 4106 Proesdebet
1233 4058 1342 4105 eornm
1358 4038 1494 4119 wdecim

409 4238 616 4297 esemberti.
668 4242 695 4297 2.
713 4241 784 4298 1146
800 4242 939 4299 1111124.
991 4244 1019 4298 3.
1036 4241 1072 4299 V.
1083 4256 1167 4312 repre
1182 4242 1277 4312 pree
1293 4244 1361 4299 nt
1412 4241 1438 4296 4.
1454 4239 1492 4293 tn

337 4330 441 4477 {littere
494 4332 520 4388 5.
539 4330 699 4401 Fnehwege,
720 4347 738 4387 e
755 4331 868 4389 Gemele
883 4333 957 4389 inter
973 4332 1109 4390 orientem
1124 4336 1155 4388 et
1171 4330 1322 4389 meridiem
1374 4332 1400 4387 6.
1417 4330 1493 4387 Gete-

358 4435 459 4477 ensem
