3117 4859
326 253 391 318 566
658 269 810 317 wnssnnr
830 268 1018 317 nassnonan
1038 269 1091 316 aaa.
1106 268 1160 314 sao.

327 409 416 482 429.
437 413 475 477 Α.
494 412 670 478 Widoldom
691 425 791 500 repat,
816 425 900 500 apat,
922 425 958 478 ct
976 435 1097 488 maus,
1119 437 1140 476 a
1158 435 1232 499 repe
1247 434 1442 491 concrema,
1463 413 1502 475 ab

435 529 588 596 Brciccne
610 530 719 594 comite
741 531 780 594 de
803 529 960 614 Liuiopeo
981 529 1040 594 sibi
1062 527 1249 595 abtamur.
1333 525 1393 608 (ll.
1412 527 1504 601 397.)

238 683 308 740 1153
414 661 588 729 Karissimo
619 681 675 727 suo
704 662 831 727 domino
858 660 920 727 Dei
948 661 1052 744 gratia
1078 660 1184 727 abbati
1211 659 1400 726 Stabulensi
1425 657 1506 740 wa

324 779 430 861 baldo)
453 778 493 844 A.
518 797 603 860 suus,
627 777 710 862 quod
733 797 818 861 suus,
842 777 974 844 salutem
997 795 1069 842 cum
1091 774 1177 842 fideli
1198 777 1338 843 servitio.

414 894 553 974 Quantas
581 913 712 978 possum
738 892 949 977 magnitudini
977 897 1101 959 rosnae
1123 891 1240 976 gratias
1262 893 1388 975 refero,
1422 893 1510 977 qnod

326 1032 411 1096 eam,
440 1029 534 1097 quam
557 1029 577 1076 a
597 1015 690 1096 patre
716 1009 871 1076 luminum
900 1009 1082 1095 accepistis,
1111 1009 1339 1093 benignitatem
1361 1027 1445 1075 cum
1470 1009 1511 1072 ad

325 1147 433 1194 omnes
455 1146 544 1193 more
559 1130 663 1192 vestro
677 1126 860 1212 porrigatis,
883 1124 1014 1212 speciali
1031 1131 1137 1191 tamen
1152 1131 1185 1191 et
1198 1124 1386 1192 continuata
1401 1125 1511 1208 gratia

324 1243 446 1310 utiliter
473 1247 505 1308 et
533 1241 670 1308 officiose
698 1242 739 1308 sd
760 1261 865 1308 meam
886 1261 986 1329 usque
1007 1243 1197 1328 parvitatem
1219 1241 1406 1307 extenditis
1444 1241 1509 1307 Ea·

324 1364 455 1448 propter
476 1355 636 1426 beneficiis
657 1358 772 1425 vestris
796 1358 975 1424 admonitus
997 1361 1030 1424 et
1051 1377 1105 1424 cor
1118 1377 1178 1446 pro
1193 1357 1293 1440 eorde,
1316 1367 1397 1423 cum
1414 1357 1509 1424 vobis

324 1475 488 1564 placuerit,
511 1472 646 1540 fideliter
661 1473 869 1558 exhibiturus,
892 1494 979 1558 rogo,
1003 1478 1039 1540 ut
1055 1473 1135 1540 illud
1148 1473 1256 1540 domni
1269 1475 1355 1556 regis
1369 1494 1508 1554 munna

325 1592 408 1678 quod
437 1610 534 1677 opera
554 1594 666 1680 'vestra
693 1590 772 1656 mihi
802 1589 950 1656 collatum
980 1595 1041 1674 est,
1070 1594 1119 1656 set
1145 1591 1278 1656 necdum
1303 1601 1510 1676 appensum·

324 1709 375 1776 uel
388 1711 599 1790 numeratum,
623 1705 661 1773 ab
677 1705 883 1773 Emischone¹²
900 1708 1014 1774 comite
1035 1707 1075 1774 de
1088 1705 1217 1792 Liniges
1232 1707 1378 1773 districto
1396 1708 1510 1789 edam,

325 1827 353 1892 si
376 1845 454 1912 opus
476 1823 587 1907 luerit,
615 1822 695 1888 mihi
724 1823 908 1907 adquiratis.
943 1823 1129 1890 indecorum
1157 1824 1274 1890 etenim
1294 1822 1377 1889 mihi
1403 1829 1458 1889 est
1479 1830 1512 1888 et

326 1939 588 2008 obtrectatoribus
611 1940 690 2005 meis
713 1939 814 2006 risum
837 1945 976 2024 generat,
1000 1940 1038 2024 si,
1062 1940 1146 2026 quod
1161 1945 1271 2006 exacto
1285 1944 1440 2024 tempore
1454 1941 1510 2006 ba·

324 2058 398 2125 bere
426 2056 535 2140 debui,
564 2056 670 2142 sepius
693 2055 813 2121 frustra
834 2061 987 2142 repetam.
1022 2056 1076 2122 Ad
1103 2057 1195 2140 haec,
1223 2057 1252 2122 si
1280 2055 1392 2121 omnia
1422 2063 1511 2122 recte

326 2173 411 2260 apud
432 2193 488 2239 vos
512 2177 543 2237 et
564 2191 715 2259 prospere
739 2177 884 2255 aguntur,
907 2173 953 2238 sic
977 2177 1034 2255 est,
1057 2177 1094 2262 ut
1115 2171 1195 2238 volo.
1229 2171 1411 2239 Rescribite
1430 2173 1510 2238 mibi

327 2289 366 2357 de
388 2294 475 2356 statu
496 2292 619 2372 vestro,
643 2287 670 2354 si
692 2287 814 2374 placet;
838 2288 930 2373 quia,
961 2289 1043 2354 siout
1065 2289 1153 2354 vobis
1176 2288 1254 2353 mibi
1275 2288 1422 2356 scribere
1446 2311 1510 2356 non

327 2410 376 2473 est
398 2425 576 2490 onerosum,
600 2405 646 2471 sic
669 2405 788 2490 scripta
810 2409 916 2470 vestra
936 2404 1071 2471 iocunda
1091 2405 1170 2471 mihi
1189 2405 1329 2492 recipere
1349 2425 1415 2473 nec
1439 2407 1510 2473 inn-

326 2522 383 2589 tile
406 2526 455 2589 est
476 2541 534 2588 nec
557 2519 774 2587 inofficiosum.
867 2519 991 2586 Salutat
1013 2541 1068 2587 vos
1096 2521 1246 2605 magister
1268 2520 1373 2605 noha,
1399 2543 1509 2590 comcs

328 2659 490 2706 sacrarum
511 2637 715 2722 largitionum
739 2641 771 2703 et
792 2635 1033 2704 sodaliciorumd
1047 2637 1262 2704 iocundorum.
1298 2635 1433 2705 Salutat
1454 2660 1510 2705 ros

328 2753 419 2840 Hugo
443 2754 573 2821 clericus
598 2758 630 2820 et
652 2753 754 2819 socius
776 2758 894 2820 noster.

808 2886 1019 2899 ———

329 2967 419 3038 430.
440 2971 622 3034 Anastasiou
638 2969 659 3033 I
661 2969 689 3032 V
694 2993 787 3056 popa
805 2969 945 3034 Wibaldo
960 2992 1050 3033 caen
1066 2969 1153 3034 anuli
1168 2971 1312 3034 concedit.
1349 2967 1510 3048 (bl-404.)

233 3127 304 3184 1154
417 3102 606 3169 Anastasius
641 3101 823 3188 episcopus·
852 3099 977 3166 servus‘
1004 3121 1168 3167 servorum
1195 3100 1256 3167 Dei
1289 3101 1406 3168 dilecto
1445 3102 1510 3170 lilio

221 3203 313 3251 ΜΗ
330 3217 513 3285 Oorbeiensi
535 3217 641 3284 abbati
665 3216 798 3284 salutem
822 3221 854 3283 et
876 3215 1081 3303 apostolicam
1102 3217 1361 3284 benedictionem.

420 3333 551 3420 Semper
579 3332 752 3420 apostolica
779 3333 869 3399 sedes
898 3332 1120 3400 aecclesiarum
1153 3333 1300 3419 prelatis,
1329 3355 1409 3420 quos
1442 3357 1510 3402 am-

329 3449 425 3538 pliori
453 3449 513 3516 sibi
541 3450 673 3517 caritate
702 3449 863 3516 devinctos
892 3451 1034 3534 agnovit,
1065 3448 1324 3517 abundantiorem
1351 3451 1511 3519 honorem

330 3566 476 3654 inpendit
491 3570 523 3632 et
538 3585 646 3632 eornm
660 3565 800 3632 honestis
815 3565 1024 3652 peticionibus
1039 3565 1174 3632 faciliori
1189 3567 1347 3632 concurrit
1362 3587 1508 3635 assensu

330 3683 407 3750 Inde
431 3687 488 3766 est
512 3683 597 3768 quod
618 3683 748 3768 antiqua
770 3682 945 3767 devotione,
968 3703 1063 3767 quam
1086 3703 1162 3766 erga
1177 3683 1283 3749 sedem
1298 3683 1508 3769 apostolicam

332 3799 503 3866 dinosceris
517 3796 674 3882 habuisse,
696 3798 819 3865 inducti
833 3801 865 3864 et
879 3799 1075 3884 quorundam
1089 3799 1223 3864 botrum
1237 3804 1418 3866 nostrorum
1433 3822 1508 3888 pre·

332 3916 420 3983 cibus
448 3914 607 3999 inclinati,
637 3935 729 3981 usum
758 3914 845 3980 anuli
874 3935 912 3982 ex
943 3921 1070 3982 maneta
1098 3914 1291 3998 benignitate
1313 3917 1508 4002 apostalicae

333 4031 416 4099 sedis
439 4033 473 4098 in
495 4031 563 4098 vita
584 4036 640 4096 tua
661 4029 720 4097 tibi
742 4036 867 4096 tantum
890 4029 1038 4097 duximus
1059 4030 1296 4114 indulgendum.
1331 4031 1376 4100 Et
1397 4034 1432 4099 in
1456 4056 1507 4100 ar·

333 4152 517 4234 gumentum
543 4152 669 4214 nostrae
692 4145 868 4217 dilectionis
891 4146 1020 4213 anulum
1048 4168 1171 4234 quoque
1193 4146 1253 4214 tibi
1274 4169 1333 4235 per
1355 4147 1507 4216 dilectum

406 4321 426 4352 s.
441 4306 607 4368 apprehensum
623 4325 643 4354 c.
693 4307 716 4354 b.
732 4306 819 4353 emiscll
834 4323 854 4351 c.
903 4305 982 4354 caeli
998 4323 1017 4354 c.
1064 4301 1255 4355 dsednlicornm
1270 4327 1290 4356 c.
1345 4310 1503 4370 aepiscopus

335 4403 377 4432 om.
390 4387 441 4433 eod
503 4387 519 4432 i.
535 4399 614 4433 servus
631 4399 709 4434 scmus
725 4401 841 4434 serrorum
857 4387 909 4434 cod.
