3117 4859
405 310 554 359 uranum
573 308 759 359 semrom
778 307 902 357 111111.
978 320 986 330 ·
1119 279 1236 360 ‘315

162 450 253 530 Quod
278 448 385 519 diviua
405 450 439 517 in
461 450 612 520 aeeclesia
633 456 739 520 restra
760 456 884 519 cessant
904 458 937 520 et
956 472 1014 520 ros
1036 453 1056 519 1
1077 450 1238 538 sepulture
1255 458 1323 514 1149

76 567 315 635 11111111111111
330 554 565 655 prohibemur,
581 568 803 637 inconveniens
817 568 907 636 nobis
920 568 1055 654 ridetur,
1069 568 1237 657 presertim

75 704 144 751 cum
159 684 219 752 sub
233 682 342 769 regula
356 684 540 772 disciplinae
555 685 762 753 ecclesiastice
778 690 811 753 et
821 685 968 753 canonice
978 685 1092 752 vivatis
1104 704 1142 751 ac
1152 704 1236 751 com-

25 817 28 821 ·
75 798 161 869 muni
183 799 347 869 refectorio
368 805 401 869 ct
417 802 600 870 dormitorio
614 807 777 870 contentae
792 802 872 869 sitis.
905 802 1058 869 Nolumus
1070 802 1180 886 igitur,
1201 806 1239 869 ut

75 936 155 1003 pena
168 916 286 984 iniuste
302 920 334 984 et
346 917 562 1003 irregulariter
575 919 748 986 viventium
763 919 909 1007 deinceps
924 918 1117 1004 affligamini.
1147 917 1238 988 Unde

74 1033 269 1118 mandamus,
291 1039 328 1099 ut
349 1032 456 1101 divine
476 1034 511 1101 in
530 1033 681 1101 aecclesia
694 1034 969 1120 Quideleburgensi
988 1055 1060 1102 cnm
1082 1035 1237 1119 omnibus,

75 1168 152 1236 quae
166 1150 256 1219 robis
280 1149 442 1236 debentur,
465 1151 613 1219 canonice
634 1151 746 1219 devote
768 1158 801 1220 et
817 1152 1011 1221 sollemniter
1031 1150 1236 1219 celebrentur.

76 1360 161 1435 197.
180 1364 344 1453 despesos
353 1365 410 1432 ΠΙ
411 1320 503 1454 papo
519 1366 806 1455 Conradofflreyi
825 1368 997 1455 respondet,
1019 1390 1053 1433 ce
1071 1366 1238 1434 1111εό11111

174 1483 432 1569 praeputium
445 1482 635 1553 &menen
657 1507 695 1549 ea
716 1484 783 1570 depe
799 1486 972 1564 1111111111,
994 1495 1030 1549 at
1042 1506 1121 1565 eum,
1143 1507 1239 1573 qaum

182 1608 254 1664 aute
275 1596 438 1681 lababat,
458 1600 712 1687 praeposituram
734 1600 908 1687 deponeret.
940 1598 1077 1666 Heaea'co
1098 1602 1166 1687 cepi
1185 1622 1238 1667 su·

181 1714 277 1779 lolem
298 1714 430 1779 11111111.
1076 1712 1130 1797 (ll
1151 1714 1237 1796 177.)

156 1845 321 1931 Eugenius
336 1846 500 1935 episcopus
516 1866 625 1914 servus
640 1867 802 1915 seruorum
812 1847 873 1930 Dei
886 1848 1055 1916 karissimo
1068 1850 1104 1915 in
1115 1848 1238 1917 Christo
1257 1858 1326 1915 1149

71 1961 133 2031 filio
154 1962 328 2046 (1(1111111)
355 1962 472 2030 illustri
492 1962 705 2032 Romanorum
732 1965 800 2050 regi
827 1964 961 2032 11111111
982 1970 1015 2032 11
1035 1966 1239 2053 apostolicam
1254 1932 1329 1981 ⁰⁰²⁶

71 2079 329 2149 benedictionem.
1326 2091 1328 2096 ·

155 2194 297 2263 Litteras
324 2194 527 2264 excolendae
549 2202 622 2263 tuae
644 2196 750 2265 debita
770 2196 964 2281 benignitate
984 2197 1177 2285 recepimus,
1204 2198 1240 2265 in

72 2312 182 2400 quibus
207 2313 405 2381 devotionem
426 2316 458 2379 et
472 2310 626 2399 allectum,
650 2333 744 2401 quem
759 2334 835 2398 erga
847 2318 983 2381 matram
996 2320 1084 2380 tuam
1098 2320 1239 2381 sanctam

70 2428 245 2499 Romanam
280 2429 463 2497 aecclesiam
498 2434 530 2497 11
562 2450 620 2498 nus
653 2431 741 2518 ipsos
773 2430 873 2515 geris,
907 2429 999 2517 plene
1026 2431 1238 2516 cognorimus.

4 2604 5 2607 .
71 2546 190 2627 Quibus
225 2547 321 2615 etiam
348 2545 514 2634 inspeetis,
547 2546 719 2635 plurimum
746 2545 927 2614 laetificavit
951 2566 1009 2614 nos
1036 2547 1240 2631 benignitatis

70 2668 141 2731 tuae
162 2663 263 2752 plena
281 2665 402 2749 ingenti
425 2664 589 2733 devotione
611 2663 784 2751 responsio.
828 2662 894 2730 Nos
916 2662 1082 2749 siquidem,
1104 2668 1137 2730 te
1159 2664 1241 2731 siem

71 2781 241 2869 specialem
268 2782 354 2851 boati
374 2780 461 2849 Petri
485 2779 585 2847 filium
608 2784 640 2848 et
661 2784 831 2868 patronum
852 2779 993 2869 caritatis
1013 2778 1150 2846 brachiis
1172 2800 1240 2847 am·

70 2897 250 2986 plexantes,
279 2918 448 2987 persenam
469 2903 557 2965 tuam
579 2897 723 2985 cupimus
744 2896 899 2963 honorare
921 2899 966 2981 et,
993 2901 1145 2981 quuntum
1166 2916 1239 2985 per-

69 3016 167 3083 mittit
190 3015 326 3101 iusticia
351 3015 522 3102 peticiones
544 3019 614 3081 tuas
637 3013 813 3081 admittere
857 3011 934 3079 Indo
956 3017 1005 3079 est
1027 3013 1120 3099 quod
1140 3014 1239 3081 maie·

70 3133 158 3199 statis
183 3136 257 3199 tuae
279 3132 425 3219 precibus
447 3130 604 3216 inclinati,
633 3130 793 3214 electioni,
820 3148 914 3214 quam
934 3128 1111 3197 Xanteuses
1132 3128 1239 3197 clerici

70 3248 107 3315 de
128 3248 246 3316 dilecto
270 3246 335 3315 filio
357 3252 463 3315 nostro
480 3246 676 3331 Tthiebaldo)
691 3243 875 3333 cappellano
889 3251 944 3312 tuo
958 3246 1109 3331 iecerunt,
1131 3267 1238 3315 assen-

70 3384 139 3431 mm
172 3364 367 3451 prebuimus.
418 3364 474 3432 Set
507 3364 655 3449 quoniam
683 3382 844 3431 sacrorum
870 3382 1024 3429 canonum
1052 3369 1084 3429 et
1111 3370 1240 3432 sanctae

70 3478 229 3549 Romanae
260 3481 428 3549 aecclesiae
461 3480 674 3548 sanctionibus
707 3478 864 3546 contraire
896 3498 960 3545 non
985 3500 1153 3565 possumus
1180 3500 1239 3547 nec

70 3596 229 3683 debemus,
252 3602 376 3685 oportet
397 3618 469 3665 eum
491 3596 591 3665 altera
611 3597 813 3685 prepositura
835 3618 904 3665 esse
917 3601 1099 3663 contentum
1114 3601 1145 3664 et
1159 3596 1238 3665 alte·

70 3734 147 3799 ram,
171 3735 265 3800 quam
288 3715 375 3802 prius
397 3714 533 3782 habebat
542 3710 559 3799 ¹,
582 3714 750 3781 dimittere.
777 3714 865 3781 'Tua
886 3732 970 3798 ergo,
993 3713 1160 3781 karissime
1180 3712 1237 3799 fili,

68 3829 214 3915 interest,
241 3832 288 3898 its
315 3832 426 3898 matris
453 3836 527 3899 tuae
552 3835 679 3898 sanctae
700 3829 860 3897 Romanae
887 3829 1056 3897 aecclesiae
1078 3830 1237 3897 dilectioni

70 3952 100 4013 et
121 3946 248 4015 affectui
270 3946 459 4034 respondere
481 3952 513 4014 et
535 3968 666 4031 reguum
687 3947 746 4014 tibi
776 3945 883 4013 alico
905 3948 1108 4013 commissum
1129 3946 1236 4032 aequi-

70 4066 143 4130 tatis
173 4062 289 4130 iudicio
318 4063 507 4148 gubernare,
535 4068 571 4129 ut
598 4068 631 4131 et
654 4064 726 4151 ipsa
747 4068 909 4149 speratum
928 4063 1065 4129 fructum
1087 4068 1161 4129 tuae
1182 4061 1236 4129 de-

69 4181 204 4249 uotionis
225 4201 260 4247 se
281 4182 437 4267 recepisse
457 4179 592 4248 laetetur
614 4186 646 4248 et
664 4184 738 4268 post
750 4179 925 4268 temporale
938 4200 1069 4265 reguum
1085 4179 1236 4247 merearis

139 4345 160 4379 a
196 4328 326 4379 rolriblnrlui
343 4348 362 4377 e.

138 4428 166 4483 1.
181 4344 399 4497 1praeposituram
416 4425 445 4483 S.
457 4424 582 4483 Severini
600 4425 802 4483 Guionieusem.
825 4424 868 4483 01
886 4439 971 4496 snpra
988 4424 1235 4495 1111111111.
