3117 4859
340 260 406 331 426
673 279 823 330 wmsum
841 280 1028 331 samsones
1046 276 1100 329 res.
1116 279 1170 329 aes.

81 406 84 421 ¹
217 424 288 483 1150
339 423 465 509 fuisset,
490 442 527 491 eo
549 442 648 511 usque
668 428 855 511 perventum
877 428 938 508 est,
961 428 1013 508 ut,
1034 424 1099 491 iam
1121 425 1226 511 parati
1247 430 1280 491 et
1300 424 1439 511 expediti
1458 422 1496 491 ad

173 498 327 563 ΨΜ
339 538 608 628 permensum,
630 539 867 625 neomagum
888 540 1065 607 escenso.
1097 539 1214 619 cums
1232 543 1335 607 mser
1351 540 1497 626 moran

338 658 475 725 tenuitas
502 656 676 742 intelligere
705 656 768 724 ullo
796 656 889 724 modo
917 658 1084 743 potuisset,
1111 658 1195 744 qued
1222 658 1316 725 huius
1337 657 1498 742 legation‘n

338 773 427 841 labor
452 773 608 869 ullatenus
631 772 795 861 expediret
815 748 987 842 catholicae
1009 773 1175 841 aecclesiae
1197 794 1235 841 ac
1255 779 1380 841 vestrae
1399 774 1499 858 digni·

338 890 398 957 tati
426 892 493 957 siue
515 889 647 958 Romani
672 891 799 978 imperii
825 891 1034 975 incremento,
1060 890 1237 959 nullatenus
1263 891 1359 958 rebus
1385 890 1500 957 noemia
1557 941 1558 946 η

339 1011 395 1074 aut
414 1024 568 1094 personae
588 1012 715 1075 nostrae
736 1008 994 1095 pepercissemus.
1067 1006 1264 1074 Prosentium
1285 1007 1370 1074 lator
1390 1006 1501 1074 Stabu-
1557 993 1558 1008 ¹

338 1122 419 1190 lensi
441 1122 609 1191 aecclesiae
629 1125 700 1207 iure
721 1124 931 1211 proprietario
951 1122 1109 1211 pertinere
1130 1124 1311 1191 dinoscitur.
1349 1122 1410 1202 Qui
1431 1142 1501 1189 curn

339 1240 380 1307 ad
400 1260 458 1307 nos
478 1240 706 1326 querimoniam
721 1240 895 1325 detulisset,
918 1240 1002 1327 quod
1015 1240 1144 1326 quidam
1157 1238 1259 1324 God·,
1281 1240 1419 1307 decanus
1434 1258 1502 1307 aee·

338 1356 451 1425 clesiae
473 1357 584 1424 beatae
605 1357 724 1424 Mariae
745 1358 780 1423 in
809 1356 925 1444 oppido
947 1357 1139 1424 Traieetensi
1147 1353 1165 1440 ¹,
1193 1357 1335 1442 domn,
1364 1374 1448 1443 quae
1473 1358 1501 1423 ai
1557 1395 1558 1416 r

336 1474 441 1561 patrio
464 1480 496 1541 et
518 1474 602 1541 auito
624 1474 692 1541 iure
713 1471 903 1541 hereditario
924 1474 1085 1561 competit,
1106 1472 1259 1541 uiolenter
1275 1473 1423 1557 auferret,
1445 1493 1501 1539 noa

337 1609 395 1678 pro
423 1608 459 1657 eo
488 1591 665 1657 sanctitatis
693 1594 817 1658 vestm
845 1588 909 1656 tilio
936 1588 1111 1673 Hicinrico)
1137 1588 1309 1656 uenembili
1335 1588 1502 1656 modun
1557 1585 1558 1590 ’

337 1707 484 1795 episcopo
510 1708 708 1794 scripsimus,
736 1705 946 1794 postulantes,
973 1710 1011 1773 ut
1031 1705 1183 1774 decanum
1204 1724 1297 1772 suum
1318 1706 1341 1773 a
1359 1711 1452 1773 tanta
1471 1710 1503 1773 et

337 1822 465 1890 insolita
478 1823 628 1891 violentia
648 1828 805 1912 potestate
827 1823 934 1891 debita
953 1829 1137 1890 removeret.
1169 1821 1224 1890 Set
1243 1841 1317 1889 eum
1337 1822 1423 1889 idam
1440 1820 1501 1889 cle·

336 1938 421 2006 mous
436 1938 475 2007 ab
489 1941 605 2009 iniusto
620 1940 782 2029 proposito
796 1938 895 2007 nollet
908 1958 1041 2024 merare,
1064 1939 1181 2024 docos
1202 1938 1304 2023 illum,
1322 1939 1381 2025 qui
1394 1945 1501 2005 cntra
1557 1969 1558 2026 p

336 2074 371 2123 se
392 2056 514 2142 agebat
537 2058 842 2127 excommunicatum
859 2074 938 2140 esse,
960 2054 1140 2143 compulsus
1155 2061 1204 2124 est
1216 2055 1302 2123 idem
1315 2055 1416 2123 laicus
1428 2074 1500 2143 pm·
1557 2045 1558 2128 i

335 2172 481 2241 tottionis
503 2179 625 2242 uestrae
653 2170 831 2262 appellareb
858 2177 891 2239 et
917 2172 1005 2241 adire
1028 2173 1229 2260 presentiam.
1275 2171 1376 2240 Solita
1396 2173 1500 2259 itaque
1557 2137 1558 2168 ¹

336 2287 512 2376 clementia,
535 2295 626 2379 pater
639 2290 792 2379 piissime,
815 2308 888 2355 eum
902 2288 1051 2356 exaudire
1064 2289 1247 2374 dignemini,
1261 2307 1303 2357 nc
1315 2294 1366 2355 tot
1378 2288 1499 2357 utere

336 2410 368 2474 et
381 2406 523 2493 pericula
535 2408 654 2476 trustra
667 2413 701 2475 et
720 2408 755 2474 in
776 2426 895 2475 uanum
916 2426 951 2473 se
974 2406 1182 2492 assumpsisse
1195 2404 1311 2490 doleat,
1333 2410 1366 2473 et
1379 2410 1433 2471 ut·
1446 2404 1499 2471 alii
1556 2379 1558 2462 i

337 2524 479 2610 oppressi
501 2524 540 2593 de
554 2530 659 2593 vestra
680 2523 896 2593 misericordia
912 2522 1006 2589 huius
1020 2521 1164 2610 exemplo
1178 2542 1307 2610 sperare
1319 2522 1498 2590 docentur.
1556 2577 1557 2586 ,

337 2735 425 2807 999.
445 2739 609 2807 dirimeres
630 2743 792 2827 epiecopus
812 2738 993 2805 Leods'eac'a
1010 2736 1151 2805 Widoldo
1172 2738 1329 2828 eipmfiem
1349 2738 1389 2803 de
1403 2736 1496 2805 Hei*

445 2857 504 2922 rici
526 2857 643 2921 emtus
664 2856 703 2921 de
723 2856 817 2943 Rape
839 2868 869 2921 et
891 2853 1031 2921 Heiara'ea'
1051 2856 1170 2920 conatis
1188 2854 1395 2921 Naraoecaaa'a
1414 2856 1449 2918 eia
1467 2876 1497 2919 aa

444 2974 575 3039 osenia
1341 2966 1396 3052 (ll.
1412 2968 1496 3049 979.)

213 3117 283 3173 1150
423 3104 615 3188 H(einrious)
637 3102 698 3173 Dei
718 3103 823 3189 grstia
835 3102 1017 3172 Leodiensis
1032 3102 1201 3171 aecclesiae
1214 3103 1343 3171 humilis
1357 3104 1496 3171 ministu

173 3189 318 3243 ⁰⁸²⁴*
336 3221 449 3289 somno
472 3220 642 3304 wiredo)
673 3220 783 3289 eoam
803 3221 907 3306 grase
927 3220 1099 3289 vomam
1121 3218 1301 3289 scenos
1323 3220 1433 3289 osae
1451 3238 1497 3287 a

334 3337 433 3405 lutam
456 3342 488 3405 et
507 3338 680 3405 fraternam
700 3339 735 3405 in
757 3338 882 3405 Christo
904 3338 1112 3406 dilectionem

422 3453 556 3541 Propter
577 3455 779 3523 necessitates
801 3454 935 3540 grandes
957 3476 997 3522 er
1019 3453 1180 3542 inprouiso
1196 3452 1289 3521 nobis
1302 3458 1498 3522 oeeunemoe

334 3570 508 3639 minoribus
529 3571 668 3656 negociis
689 3590 888 3659 nequaquam
902 3591 1015 3639 vacare
1032 3588 1208 3658 possum.
1238 3570 1312 3639 Non
1324 3569 1406 3639 latet
1420 3571 1499 3639 enim

334 3688 535 3776 prudentiam
562 3693 717 3773 vestram,
744 3688 886 3757 fomitem
914 3688 1006 3756 huius
1030 3688 1124 3773 mali,
1152 3687 1303 3755 haetenus
1325 3687 1436 3774 speeie
1456 3688 1500 3754 in·

335 3804 426 3872 vidae
448 3803 637 3873 adudationis
658 3806 803 3893 protecti,
825 3804 947 3873 calcata
967 3805 1026 3873 sub
1047 3804 1179 3893 pedibus
1194 3802 1311 3889 regalis
1325 3804 1501 3872 maerentis

335 3922 526 4005 maiestatis,
555 3941 665 3988 omnes
693 3922 818 4009 rupisse
840 3922 943 3989 aditus
965 3921 1184 3990 simulationis.
1219 3920 1333 3988 Comes
1356 3922 1444 3989 enim
1464 3920 1501 3989 de

335 4036 424 4127 Rupe
446 4036 612 4106 Heinricus
635 4043 761 4124 treugas
783 4038 871 4125 illas,
901 4060 979 4126 quas
1004 4060 1064 4127 per
1090 4058 1220 4105 manum
1241 4038 1367 4106 comitis
1383 4038 1499 4105 Namu-

336 4150 456 4223 oensis¹
479 4159 512 4222 et
533 4152 666 4222 aliorum
688 4174 817 4223 snorum
832 4156 867 4224 in
880 4176 994 4224 manus
1004 4156 1187 4245 ,principum
1201 4160 1383 4223 senorum
1395 4153 1497 4223 stabili

407 4310 428 4343 a.
449 4292 538 4343 (toda
601 4296 624 4343 b.
644 4297 749 4358 appelare
765 4317 786 4345 a.
841 4312 862 4347 a.
882 4300 1016 4348 nuidt

409 4384 431 4438 l.
451 4382 617 4440 Mmtridht.
689 4386 715 4440 2.
733 4383 865 4443 Heinrlei.
