3117 4859
491 251 706 304 numanum
728 253 757 304 e.
770 255 843 305 urm
1209 237 1251 308 13

77 393 169 462 lardi
197 393 324 480 motai,
353 392 489 481 ιιίςιιιιιι
513 396 575 464 sibi
600 395 745 466 abbatom
765 396 832 464 iam
852 397 973 464 dietum
993 397 1099 464 rmum
1121 417 1252 466 venera-
1287 402 1340 460 sit

76 510 173 579 bilem
192 509 376 598 Warinum,
406 513 479 599 qui·
493 511 677 600 profiaiebat
703 513 843 601 quotidie
872 519 905 582 et
926 519 1072 603 aoooptue
1095 520 1163 583 erat
1184 520 1251 584 tam
1268 477 1362 538 Μ

76 627 145 696 Deo
168 649 265 715 quam
286 629 476 696 bominibus.
1032 626 1035 638 ¹

165 745 227 812 His
248 765 324 814 vero
345 746 454 831 gestis,
476 750 551 834 post
567 745 695 832 aliquod
708 747 860 834 temporis
875 748 1014 835 spatium
1029 745 1143 814 aeoidit
1157 767 1252 834 quae-

76 860 151 928 dam
173 862 362 950 disceptatio
383 861 469 930 inter
488 861 693 930 Ludowionm
718 865 942 952 imperatorem
965 869 997 932 et
1017 863 1175 952 principes
1198 864 1253 951 qui

77 983 169 1045 ιιιιιι
191 979 225 1045 in
248 999 356 1064 regno.
396 978 459 1046 Pro
481 999 545 1066 qus
564 998 601 1047 re
622 980 657 1048 in
677 985 803 1048 tantum
824 981 999 1066 indignatio
1021 981 1174 1070 principis
1198 1001 1252 1048 ex·

77 1095 187 1180 orarit,
210 1100 248 1162 ιι
269 1100 302 1163 ιι
314 1093 509 1181 Waloneml,
528 1115 624 1183 quom
638 1096 713 1163 olim
731 1102 805 1165 ante
820 1118 928 1166 omnes
944 1097 1107 1183 dilexerat,
1129 1097 1163 1165 in
1186 1099 1253 1166 exi·
1270 1109 1324 1164 eso

75 1209 156 1278 lium
177 1212 337 1297 mitteret,
364 1218 397 1280 et
417 1208 662 1299 llilduwinum',
689 1214 795 1280 uirum
817 1233 914 1300 aeque
937 1215 1190 1300 devotissimum,
1218 1215 1253 1282 in
1270 1183 1320 1231 Μ

76 1327 238 1397 Saxoniae
264 1329 426 1418 partibus,
455 1329 576 1398 soilioet
602 1331 638 1397 in
664 1332 854 1398 monasterio
878 1329 1011 1399 Gorbeia
1035 1336 1198 1418 tamquam
1219 1333 1253 1398 in

76 1445 193 1513 exilio·
214 1445 391 1513 oollooaret

166 1561 301 1630 Interim
321 1561 510 1630 venerabilis
532 1563 614 1630 abba
635 1561 784 1644 Warinus
811 1563 925 1631 maiori
946 1562 1065 1632 honore
1088 1563 1173 1652 apud
1194 1565 1254 1632 im·

74 1683 260 1766 peratorem
286 1678 469 1747 habebatur.
514 1679 660 1748 littero
688 1699 825 1766 memor,
853 1681 937 1766 quod
964 1680 1025 1748 sibi
1052 1682 1253 1748 commissum

77 1801 158 1881 erat,
182 1796 304 1864 scilieet
323 1801 361 1863 ιιι
379 1797 465 1863 inter
478 1795 685 1863 barbarorum
699 1803 808 1882 gentes
823 1799 1050 1866 monasterinm
1065 1795 1253 1884 aedificaret,
1277 1801 1278 1804 ’

75 1914 184 2000 petiit,
206 1918 245 1979 ιιι
265 1913 305 1981 do
326 1913 511 2001 torporibus
533 1917 729 1998 sanatorum,
752 1933 886 2001 quorum
907 1914 1037 2002 plurimi
1058 1913 1255 1983 habebantur

3 2044 4 2089 ι
76 2029 112 2095 in
134 2028 281 2114 Francia,
304 2030 366 2098 eibi
388 2029 525 2116 aliquot*
546 2029 720 2097 nansiorro
741 2031 775 2096 in
796 2032 962 2118 proprium
983 2031 1124 2099 licuisset
1144 2051 1254 2099 mona·

77 2146 222 2212 nterim
258 2145 435 2233 Statimque
448 2149 631 2234 imperator,
648 2153 685 2214 ιιι
698 2146 798 2232 lieret,
821 2148 923 2216 iussit.
958 2149 1018 2230 Qui
1033 2169 1105 2216 oum
1118 2147 1254 2216 multum

77 2263 191 2330 eodem
225 2283 308 2330 anno
336 2262 528 2350 laborasset,
562 2269 599 2330 ιιι
629 2267 773 2330 emotum
800 2263 993 2332 Viotorioum
1021 2265 1060 2333 de
1087 2265 1253 2334 Ambianis

78 2380 209 2448 diritate
231 2380 434 2465 trausiorret,
463 2381 524 2447 hoo
550 2380 683 2467 implere
709 2382 868 2467 nequiuit,
899 2382 973 2468 quia
1000 2381 1124 2450 aooolae
1151 2387 1255 2449 terroe

77 2496 165 2563 illios
188 2496 250 2562 hoo
270 2497 409 2581 grauitar
422 2497 574 2565 ferebant.
609 2497 698 2563 Tune
711 2517 856 2565 reversus
878 2503 927 2564 ost
950 2498 990 2565 ad
1011 2500 1151 2587 propria,
1173 2497 1255 2565 mul-

78 2618 187 2680 torum
207 2619 316 2680 tamen
337 2620 518 2682 sanatorum
539 2613 689 2700 reliquias
712 2633 817 2680 seeum
841 2613 993 2681 adferens.

169 2728 245 2796 lllo·
259 2750 335 2798 vero
354 2729 402 2797 in¹
417 2736 559 2818 tempore
573 2729 761 2797 venerabilis
777 2729 859 2798 abba
872 2729 1070 2798 Hilduuinus
1089 2731 1124 2796 in
1146 2729 1255 2798 eodem

79 2848 275 2914 monasterio
296 2847 385 2914 iusso
406 2847 570 2914 habitabat
589 2847 808 2934 imperatoris,
837 2850 965 2932 eratque
993 2846 1138 2914 omnibus
1164 2865 1255 2914 sarus

82 2967 179 3050 atqua
208 2963 442 3031 dilectissimus.
488 2963 564 3042 Qnis
591 2963 676 3031 enim
705 2983 740 3030 se
767 2963 928 3030 oondnere
957 2968 1065 3050 posset
1087 2963 1126 3032 ab
1150 2983 1255 3030 amore

80 3079 167 3164 eius,
201 3079 258 3165 qui
285 3079 474 3148 Dominum⁸
501 3099 624 3148 summo
657 3080 813 3147 desiderio
842 3080 968 3147 amabat
996 3080 1089 3148 etin
1116 3081 1256 3147 eiusdem

80 3196 170 3263 onitu
198 3195 344 3263 meiduus
372 3197 459 3264 erat?
505 3196 566 3263 llio
592 3217 663 3263 oum
692 3197 889 3282 cognovisset
911 3197 1101 3264 desiderium
1122 3197 1257 3285 praelati

81 3310 208 3381 abbatis
231 3317 264 3380 et
280 3313 430 3398 datram,
454 3312 529 3398 quia
550 3312 698 3381 volebant
718 3314 758 3380 ob
782 3317 984 3398 augmentum
1006 3314 1169 3382 obristiani
1191 3313 1256 3380 oul-

81 3435 133 3497 tus
148 3429 290 3516 aliquem
304 3434 486 3496 sanatorum
499 3430 533 3495 in
547 3430 774 3498 monasterium
789 3450 880 3496 suum
895 3430 1077 3515 bansierre,
1099 3431 1255 3518 promisit,

82 3546 182 3633 quod,
211 3545 241 3613 si
263 3566 297 3613 so
318 3545 473 3613 Dominus
495 3545 530 3612 in
551 3545 701 3614 honorem
728 3547 900 3634 pristinum
928 3546 1111 3633 eolloeeret,
1139 3548 1257 3634 absque

152 3758 174 3791 a
191 3743 277 3805 quique
293 3744 348 3790 Η.
410 3741 433 3789 b.
449 3741 514 3790 Walo
533 3766 559 3774 -
575 3743 703 3792 mitteretur
718 3746 741 3792 1.
751 3746 774 3792 8.
834 3757 854 3792 ι.
871 3743 962 3792 exilium
977 3745 1033 3792 Μ.
1087 3744 1218 3806 dadquod
1234 3746 1255 3792 1.

82 3822 256 3872 aBodsmt.
317 3821 466 3869 tinent.
528 3821 677 3881 pneuma.

153 3931 180 3985 1.
206 3928 261 3984 826
278 3927 347 3996 Apr.
358 3927 403 3982 26.
429 3925 506 3983 Obiit
528 3927 601 3983 enim
618 3927 748 3985 Warinus
770 3945 796 3985 a.
815 3929 867 3984 856
891 3927 1028 3998 Sepone,
1053 3943 1116 3984 oum
1139 3927 1257 3984 sedisset

82 4033 172 4074 annos
188 4017 235 4085 80,
254 4031 364 4074 memes
380 4017 406 4086 4,
424 4015 485 4072 dies
498 4017 543 4072 it.
569 4017 605 4074 V.
617 4017 690 4075 inira
700 4017 824 4074 Διιιιιιιι
836 4017 1015 4076 corbeienses
1033 4017 1086 4073 866
1104 4022 1134 4074 ιι
1150 4017 1257 4074 Catulo
1289 4023 1290 4028 ’

83 4123 150 4179 gum
167 4106 312 4164 abbatam.
371 4108 397 4163 2.
416 4106 544 4163 abbatem
562 4105 590 4162 S.
603 4105 739 4178 Dionysii,
757 4123 844 4178 qoem.
857 4108 981 4179 ,iussum
995 4123 1055 4164 esse
1067 4107 1145 4162 iuxta
1155 4106 1257 4162 Patris·

83 4197 222 4254 brunum
233 4197 264 4252 in
275 4195 474 4267 expeditionali
484 4195 636 4252 hiemare
646 4195 852 4266 tabsmaaulo“‚
871 4197 953 4254 dooet
965 4197 1030 4253 Vita
1045 4195 1179 4252 Ludovioi
1190 4195 1257 4265 imp.

85 4287 158 4343 aab
176 4284 463 4355 (nauseasse),
486 4285 572 4356 idque
589 4283 694 4341 motum
718 4302 779 4343 esse
802 4303 838 4342 m.
850 4285 962 4343 Ostobri
979 4301 1005 4341 a.
1017 4286 1082 4354 830,
1107 4283 1258 4342 ostendunt

86 4375 212 4434 Annales
227 4377 378 4434 lettonses
395 4377 449 4433 830
466 4377 551 4442 (lion
562 4374 610 4432 ss
624 4375 647 4431 1.
658 4375 732 4445 836),
749 4375 902 4432 Bertiniani
919 4376 973 4432 830
990 4373 1069 4444 (ibid.
1080 4375 1154 4444 424).
1257 4399 1260 4406 ·
