3117 4859
483 291 698 342 mammo
721 291 749 342 s.
764 291 835 340 vno
1199 275 1239 342 17

69 426 163 518 pnm¹
185 450 260 499 eum
284 429 370 499 clero
390 431 552 520 multoque
574 433 701 521 populo.
740 433 850 501 Abbas
872 432 970 502 odam
991 452 1064 500 oum
1085 433 1151 502 suis
1173 453 1241 502 mo-
1286 439 1338 496 836

68 547 181 614 nacbis
202 548 349 616 omnibns
371 548 411 616 de
425 548 559 618 Sandae
573 549 684 618 &ucis
705 550 896 618 monasterio
920 549 1071 618 afferunt·
1092 549 1241 638 reliquias
1258 513 1363 562 mm

68 683 143 732 cum
170 665 317 733 mumbns
343 669 376 734 et
396 668 496 734 cereis
518 669 665 755 omnique
688 673 801 736 ornatu
824 667 981 735 ecclosias.
1028 666 1241 756 Suscipisntes

69 787 180 848 autem
199 781 351 868 reliquias
374 784 476 850 sancti
496 785 659 872 martyris,
680 784 852 872 psallentes
867 788 961 870 atque
974 781 1084 852 laudes
1098 784 1166 852 Deo
1181 785 1242 852 im-

67 919 197 965 mensas
212 904 353 984 mentes,
366 900 402 967 in
414 901 592 988 praefatum
606 905 812 990 portaverunt
825 901 1059 968 monmterium.
1089 900 1155 968 Ibib
1170 921 1242 970 cum

67 1014 105 1081 in
125 1013 276 1082 laudibus
297 1022 545 1104 pernoctassent,
566 1039 660 1086 mane
681 1019 765 1086 boto
781 1023 855 1106 post
869 1018 1038 1086 missarum
1053 1017 1156 1086 officis
1169 1040 1242 1107 per·
1259 1039 1362 1088 aanor

69 1136 152 1216 acta,
175 1132 340 1220 praedicta
360 1133 474 1202 mulier
494 1137 612 1203 iterum
632 1136 768 1203 sanimte
791 1135 914 1223 adepta,
937 1135 1066 1202 veniens
1088 1139 1160 1204 ante
1175 1135 1242 1223 epi·

68 1268 219 1336 scopum,
243 1269 350 1317 coram
372 1251 459 1318 omni
479 1251 598 1340 popule
619 1253 733 1321 cecidit
755 1252 796 1320 ad
817 1251 914 1339 pedes
937 1252 1014 1337 eius,
1036 1251 1102 1318 iam
1124 1251 1243 1337 gratiss

67 1386 181 1455 agens,
202 1367 330 1435 veniam
351 1367 532 1455 postulabat
553 1369 593 1436 de
614 1370 781 1438 commisso
804 1367 951 1436 facinore.
997 1367 1074 1437 Post
1095 1369 1173 1438 haeo
1193 1390 1243 1438 re-

68 1504 165 1553 versa
187 1488 239 1552 est
259 1504 339 1551 sana
361 1484 402 1552 ad
421 1485 561 1573 propria.

159 1599 240 1668 Indo
253 1605 340 1668 recto
354 1602 483 1670 mamito
497 1607 673 1690 pergentes,
687 1620 761 1669 cum
774 1602 1065 1690 appropinquarent
1077 1597 1245 1670 Rasbacia'

68 1718 277 1804 monasterio,
299 1717 424 1786 obviam
444 1719 537 1786 teob·
559 1720 687 1787 fuerunt
707 1718 854 1786 monocbi
875 1738 947 1786 eum
969 1717 1110 1806 reliquiis
1129 1725 1161 1788 et
1174 1739 1245 1788 oru-

70 1835 178 1920 cibus,
207 1834 378 1902 thuribulis
400 1836 554 1922 emensis,
581 1835 788 1922 flagrantibus
809 1835 1017 1904 luminaribus
1040 1837 1187 1923 omnique
1208 1841 1246 1904 ut

71 1951 206 2036 ffifflum
220 1957 290 2019 erat
303 1952 424 2020 decore.
447 1952 524 2032 Qut*
540 1959 665 2021 ornate·
680 1958 828 2022 ementes
843 1958 937 2040 atque
951 1953 1115 2022 laudantes
1131 1954 1244 2040 Deum,

70 2068 152 2136 illud
181 2075 327 2137 sanctum
353 2090 469 2157 corpus
496 2072 673 2159 suscipiunt
699 2076 732 2138 et
758 2070 800 2138 ad
820 2070 999 2158 praelatum
1020 2071 1246 2138 monasterium

71 2203 144 2253 oum
165 2185 316 2253 laudibus
336 2187 491 2271 interant3
515 2192 547 2255 et
568 2188 623 2274 ibi,
646 2193 683 2254 ut
704 2187 824 2254 dictum
847 2193 905 2273 ost,
928 2207 1002 2256 cum
1016 2207 1139 2256 summa
1152 2207 1246 2256 sene-

70 2302 197 2370 ratione
219 2303 431 2371 custodientes
453 2303 602 2391 reliquias
625 2305 727 2372 sancti
741 2304 902 2393 martyris,
925 2305 1134 2374 substitersmt
1148 2324 1247 2393 usque
1263 2325 1316 2374 ne.
1325 2325 1353 2375 21

71 2418 105 2486 in
127 2419 217 2488 diem
240 2420 459 2488 duodecimum
481 2419 694 2489 Kalendarum
716 2419 808 2488 Iunii
1203 2458 1207 2470 ·

160 2536 267 2621 Igitur
294 2538 413 2622 egressi
441 2537 624 2606 duodecimo
646 2537 859 2606 Kalendarum
881 2536 964 2605 lunii
992 2539 1030 2606 de
1057 2540 1247 2606 monasterio

73 2649 291 2739 Rasbaoensi‘,
314 2653 462 2722 warinus
490 2655 586 2722 abbas
608 2675 681 2722 cum
701 2658 767 2724 suis
791 2657 934 2724 omnibus
956 2661 1042 2722 recto
1063 2655 1192 2723 tramite
1213 2656 1248 2723 in

75 2769 267 2838 Sauoniam⁸
288 2775 470 2858 pergentes,
498 2771 640 2840 iecerunt
667 2773 863 2842 mansionem
890 2774 925 2840 in
946 2771 1038 2857 villa,
1066 2773 1133 2840 ouil
1155 2791 1247 2840 voca·

74 2887 185 2955 bulum
220 2893 270 2956 est
298 2887 386 2955 Cella
412 2885 601 2957 Gislefridi⁸.
646 2889 755 2978 Ibique
783 2891 923 2978 eorporis
951 2888 1170 2957 lassitudinem
1197 2909 1246 2958 re-

74 3003 229 3090 ficientes,
251 3005 286 3072 in
307 3005 480 3073 moebnum
502 3010 576 3093 post
596 3005 766 3074 musarum
779 3007 1022 3075 celebrationem
1037 3005 1138 3073 adfuit
1152 3023 1247 3093 quae-
1263 3024 1355 3074 uuae

76 3121 148 3190 dam
180 3121 298 3189 mulier
330 3123 457 3189 nomine
483 3121 669 3192 Harmildis'
697 3143 791 3192 caeca
818 3124 884 3190 iam
913 3124 952 3191 ab
981 3123 1072 3190 annis
1100 3124 1247 3210 quinque,

77 3258 155 3324 quae
177 3238 215 3304 in
237 3237 375 3305 adventu
396 3239 499 3306 sancti
520 3241 669 3327 martyris
691 3261 770 3308 sana
783 3239 885 3307 tactak
901 3245 959 3326 est,
982 3245 1076 3328 atque
1091 3240 1249 3326 quoddam

75 3355 200 3422 itineris
223 3354 363 3442 spatium
385 3361 502 3441 secute,
525 3375 603 3422 sana
623 3358 776 3424 remansit
798 3357 956 3445 deinceps.

164 3470 245 3538 lnde
265 3477 377 3559 coepto
391 3472 505 3539 itinere
519 3478 696 3560 pergentes,
719 3474 760 3540 ad
774 3473 887 3541 cellam
901 3473 1070 3560 quomdam
1084 3473 1249 3541 venerunt*

77 3587 206 3656 nomine
227 3587 391 3672 Augia'⁴;
418 3588 525 3675 ibique
551 3588 646 3656 biduo
673 3590 895 3676 subsistentes,
925 3609 989 3656 nou
1014 3589 1163 3657 minimas
1191 3611 1249 3676 per
1265 3605 1318 3654 uu
1327 3607 1402 3656 aare

78 3703 206 3774 testum
227 3711 407 3792 martyrem
428 3705 533 3773 Deus¹¹
555 3706 702 3791 dignatos
724 3713 774 3774 est
795 3708 958 3776 ostendere
978 3707 1121 3774 virtutm.
1167 3707 1249 3774 Nam

78 3819 122 3888 ibi
154 3821 238 3888 duae
270 3821 419 3890 mulieres
448 3827 646 3890 accessomnt
674 3828 816 3892 carentes
845 3824 980 3910 lumine,
1013 3843 1129 3892 nomeu
1156 3823 1248 3890 unius

147 3972 339 4022 amesseae
386 3973 501 4022 obbia.
548 3973 725 4022 ussedom).
769 3975 941 4034 dQuiom.l.
982 3977 1124 4024 cornatil-
1165 3973 1248 4022 ibas

80 4049 185 4100 ΜΗ.
237 4054 805 4115 g.partnbusbaroniae2proiu8u0nlam.
856 4055 1003 4105 benicet.
1054 4055 1250 4104 allambunt.

81 4130 237 4182 hmo.
283 4135 504 4197 iperveasroutt.
549 4135 715 4194 merqial.
759 4136 949 4184 nDomiuusi.

149 4240 175 4294 1.
193 4239 367 4296 lluobertnm
379 4240 392 4295 Ι
404 4255 447 4310 ep.
460 4239 637 4296 lleldensem.
690 4241 716 4296 2.
734 4257 762 4296 v.
775 4257 859 4312 supra
869 4257 899 4310 p.
912 4241 955 4296 14.
968 4257 994 4295 n.
1008 4240 1034 4295 2.
1081 4241 1107 4295 3.
1125 4238 1153 4294 lu
1164 4239 1249 4308 Colle,
1273 4289 1274 4298 ,

84 4327 240 4385 allesbaoo
257 4329 454 4385 adorientem.
524 4330 551 4385 4.
573 4328 660 4401 oyes,
682 4329 842 4386 allesbaoo
866 4335 895 4386 et
917 4329 1028 4386 abella
1044 4328 1080 4384 sd
1100 4328 1251 4400 orientem

85 4417 204 4484 proxime
221 4417 343 4489 Augiam
361 4418 415 4474 sita
431 4421 475 4474 est
491 4416 562 4474 cessa
578 4415 607 4474 S.
619 4417 743 4476 Godonis
761 4419 813 4490 (St.
826 4419 928 4489 (lond).

125 4515 203 4570 aare,
217 4518 362 4564 annom
376 4519 393 4563 1.
1001 4517 1019 4574 2
