3117 4859
443 310 592 357 emaum
612 308 777 357 urrerem
800 307 854 355 ma
1166 290 1230 359 261

68 533 149 603 156.
168 535 327 601 Wedalduo
342 532 561 599 Bembordom
576 535 755 621 episcopam
769 533 1052 599 Puderbomeasem
1068 534 1107 597 de
1121 532 1232 599 Ybo'da·

168 653 235 717 adeo
247 648 543 715 melitum
551 650 586 715 ia
594 652 732 737 pradum
742 649 916 714 reuocando
928 649 1064 713 emat.
1078 646 1133 726 (M.
1146 648 1232 729 137.)

145 798 329 867 Reverendo
352 799 438 886 patri
460 818 516 865 sue
541 804 573 865 et
593 796 1321 880 deminoB(embardo)eanetaePather·1149

61 916 222 983 bernensis
253 914 422 982 aecclesiae
450 914 621 982 venerabili
652 915 800 1002 episeopo
826 915 926 981 irater
952 913 1143 996 Wtibaldns)
1171 915 1231 982 Dei

61 1033 233 1117 gratiam,
264 1032 347 1117 qued
374 1031 484 1098 estin
512 1030 662 1098 aeeclesia
689 1030 859 1114 catholiea,
888 1030 1088 1098 dileetimem
1114 1028 1174 1097 lilii
1199 1037 1233 1098 et

60 1148 268 1216 obedientiam
291 1148 382 1214 servi.

144 1264 265 1331 Multas
287 1264 435 1330 debemus
459 1268 492 1329 et
512 1261 628 1330 multas
650 1263 816 1330 referimus
839 1262 1001 1329 sanetitati
1014 1268 1138 1329 eeeuae
1160 1283 1232 1347 gra·

60 1380 127 1465 tias,
151 1379 237 1466 qnod
260 1400 279 1447 a
299 1380 402 1464 longis
424 1384 509 1446 retro
532 1380 727 1467 temporibus
749 1399 808 1445 nes
824 1383 958 1466 paterne
973 1376 1086 1444 affeetu
1101 1376 1232 1463 diligere

60 1500 89 1563 et
114 1495 273 1563 honorare
301 1496 448 1580 dignatus
476 1496 567 1578 estis3
596 1496 679 1581 qued
700 1496 840 1561 maxime
860 1514 946 1560 nune
968 1495 1091 1581 experti
1112 1514 1231 1579 sumus,

60 1612 181 1697 quando
205 1617 352 1699 aceeptus
375 1616 441 1677 tam
463 1612 617 1679 evidentis
634 1612 809 1679 calumniae
825 1610 1001 1677 amaritudo
1015 1630 1074 1676 nes
1088 1612 1231 1679 acerbius

57 1728 204 1817 pulsavit
241 1727 404 1814 Siquidem
426 1732 459 1795 et
479 1728 619 1796 laborem
642 1734 675 1795 et
697 1748 870 1816 expensam
890 1746 955 1793 non
977 1726 1079 1793 solnm
1102 1728 1231 1813 equani-

57 1846 148 1913 miter
177 1848 228 1912 eet
256 1846 353 1911 etlam
381 1844 524 1912 hilariter
551 1844 726 1932 pertulistis
754 1850 787 1912 et
806 1844 841 1910 in
862 1843 967 1910 (laude
989 1842 1120 1910 sonnio
1141 1849 1232 1911 tauta

59 1962 159 2029 fuistis
182 1960 400 2027 mederatione
420 1980 506 2045 usus,
529 1967 565 2027 ut
580 1966 673 2027 eante
687 1967 719 2028 et
733 1962 962 2046 oneumspeota
975 1964 1100 2025 vestrae
1113 1960 1232 2027 disere-

59 2078 149 2144 tionis
170 2076 285 2162 regula
305 2078 414 2164 paneis
437 2078 539 2163 possit
561 2096 629 2145 esse
645 2076 819 2145 imitabilis.
850 2075 1060 2154 Quamobrem
1076 2056 1115 2142 de
1130 2077 1231 2143 amieo

57 2194 127 2261 laeti
142 2194 237 2261 vobis
259 2194 453 2277 amicissimi,
476 2192 570 2261 linem
594 2193 640 2260 rei
661 2198 789 2259 nestrae
803 2197 908 2259 vestre
931 2192 1071 2259 examini
1087 2194 1231 2260 commit-

58 2311 185 2378 tendum
216 2309 439 2393 iudicavimus,
469 2314 506 2375 ut
535 2330 604 2376 eam
631 2314 756 2396 partem
785 2309 908 2376 consilii
934 2310 1003 2376 sine
1024 2308 1230 2376 dubitationis

59 2426 203 2511 mgustia
223 2425 392 2492 tenendam
415 2425 618 2509 arbitremur,
645 2445 725 2512 qnae
746 2425 838 2492 nobie
861 2426 881 2492 t
901 2430 1026 2492 vestae
1046 2426 1176 2513 pietatis
1198 2430 1231 2494 et

57 2538 126 2609 idei
147 2540 297 2609 sollercia
317 2547 520 2629 proponetur.
557 2541 741 2609 Thiderious
763 2562 868 2608 semes
890 2542 930 2608 de
949 2541 1080 2608 anara
1093 2541 1163 2608 vult
1184 2562 1228 2626 se,

57 2664 90 2725 nt
103 2658 212 2726 verbis
235 2659 302 2725 eius
324 2663 461 2743 utamur,
483 2658 518 2724 in
539 2663 649 2724 nostra
663 2657 881 2723 misericordia
894 2657 971 2724 dare
985 2663 1017 2724 et
1033 2658 1074 2723 ad
1087 2662 1229 2724 nostram

58 2775 302 2842 adessetionem
330 2780 361 2841 et
387 2773 672 2841 reconsiliationem
700 2774 936 2858 sicamina,
965 2774 1229 2860 quemadmodum

58 2890 244 2959 dictaverint
265 2911 428 2978 compares
451 2891 510 2975 eui,
532 2888 680 2956 videlieet
700 2889 923 2956 ministeriales
939 2888 1136 2957 corbeiensis
1158 2910 1228 2957 aee

57 3006 184 3091 desine,
215 3008 269 3093 qui
299 3028 318 3075 a
343 3006 435 3075 nobis
461 3028 501 3074 ex
523 3011 632 3073 nostra
654 3008 780 3093 optione
802 3006 922 3072 inerint
942 3005 1034 3073 alesti
1055 3011 1088 3072 et
1109 3026 1150 3073 ex
1171 3026 1228 3073 no·

57 3124 136 3191 nme
159 3123 328 3207 designati.
359 3122 402 3190 Et
424 3123 573 3208 queniam
594 3122 715 3189 turbati
737 3142 846 3189 sumus
869 3127 900 3189 et
922 3123 1001 3189 moti
1014 3123 1097 3189 ment
1111 3122 1227 3207 ebrius,

58 3242 139 3308 etsi
169 3260 235 3327 qna
261 3240 296 3305 in
323 3238 414 3305 nobis
441 3239 502 3305 fuit
531 3238 701 3325 sapientia,
732 3239 883 3305 devorate
905 3234 979 3323 est¹‚
1002 3239 1148 3323 cogitque
1168 3259 1227 3306 nos

58 3376 159 3423 rerum
195 3356 384 3423 necessitas·
412 3354 567 3441 quaedam
595 3354 795 3422 dissimulare
823 3354 977 3438 quaedam
1003 3354 1153 3439 tolerare,
1187 3376 1228 3424 ne

58 3472 132 3540 forts
161 3474 327 3556 frangatur
353 3492 427 3555 vas,
462 3472 537 3538 dum
564 3470 742 3555 rubiginem
770 3470 900 3537 eradere
928 3471 1087 3558 cupimus,
1120 3477 1228 3540 tamen

59 3590 150 3657 uiobil
173 3588 280 3655 animo
304 3590 497 3674 sequendum
520 3587 697 3671 statuimus,
720 3588 783 3653 nisi
806 3587 889 3672 qued
903 3592 1027 3653 vestrae
1045 3586 1228 3671 diligentiae

59 3694 287 3794 oompleeuisso¹
315 3707 514 3772 senserimus.
567 3702 740 3790 Propterea
772 3722 900 3770 eausam
932 3702 1014 3769 hane
1047 3704 1226 3771 distulimus

59 3824 191 3890 trmtare
220 3842 257 3889 ao
285 3823 324 3888 de
350 3822 422 3907 ipsa
446 3819 636 3907 respendere
658 3839 757 3906 nsque
780 3821 821 3886 ad
842 3819 1020 3907 proximam
1042 3819 1155 3885 leriam
1177 3840 1227 3886 se-

60 3936 218 4023 emdam’,
241 3938 398 4025 quatinus,
414 3942 538 4003 vestrae
553 3936 751 4003 discretionis
769 3936 902 4003 eenmlie
918 3935 1100 4023 premuniti,
1122 3935 1226 4002 ineius

62 4072 93 4121 ao
112 4054 226 4122 melius
249 4074 329 4140 quae
352 4053 474 4137 agenda
494 4058 587 4119 erunt
608 4052 758 4139 periinere
774 4053 941 4140 pessimus.
971 4050 1038 4118 Nee
1051 4072 1126 4118 vero
1139 4051 1225 4118 litbe-

61 4190 161 4238 rarum
183 4176 364 4238 nostrarum
385 4169 526 4237 baiulum
548 4169 694 4253 verbum,
718 4168 804 4255 qued
823 4173 931 4256 portat
950 4167 1002 4234 vel
1024 4168 1154 4253 aeoipit,
1175 4167 1225 4235 in-

127 4336 146 4369 d·
167 4322 280 4370 nocedim
296 4340 315 4365 c.

128 4420 151 4472 1.
169 4418 213 4474 rs.
229 4416 345 4485 mem.
415 4418 440 4471 a.
465 4412 546 4472 eser.
560 4416 597 4470 re
618 4413 659 4472 or.
680 4412 752 4470 raes
769 4428 814 4484 ep.
828 4412 888 4470 1se.
