3117 4859
424 306 572 357 wmarmr
592 304 777 355 aaronem
797 308 923 379 arares
1110 366 1114 373 ,
1190 294 1255 361 397

86 446 206 532 gnitate
227 447 410 515 restitueret
434 448 526 517 etde
548 453 671 517 caetero
693 470 766 517 eum
786 450 823 517 in
843 468 921 537 paee
942 450 1104 538 possidere
1124 453 1256 537 permit·
1282 458 1354 515 lito

86 567 186 647 teret3
211 564 238 631 si
253 584 328 633 uero
342 565 426 633 inira
439 565 616 652 predictam
629 568 800 634 terminum
815 568 945 634 monitis
960 568 1100 635 eiusdem
1114 568 1256 655 episcopi
1271 530 1321 580 Μ
1331 535 1362 581 ῃ

87 680 219 756 obedire
245 686 494 769 contempneret,
524 702 564 749 ex
589 688 665 751 tunc
685 683 792 772 ipsum
813 683 854 750 ab
875 683 1097 753 aecclesiarum
1123 684 1256 753 introitu

86 797 238 865 duximus
258 799 498 884 removendum,
527 818 586 867 noc
608 805 717 887 postea
739 800 867 868 deberet
888 799 1024 886 absolui,
1054 800 1168 887 donec,
1196 822 1255 896 pro

86 914 268 983 excessibus
297 916 363 983 suis
391 916 624 1000 sadsiaeturus,
652 922 760 984 nostro
789 936 823 985 se
845 918 1026 1005 conspectui
1046 922 1253 1005 praesentaret

86 1029 146 1099 Set
175 1031 257 1100 siout
284 1032 350 1099 eius
379 1034 515 1121 repetita
543 1032 738 1119 querimonia
764 1033 900 1119 indicat,
933 1032 1031 1101 nichil
1064 1034 1176 1101 borum
1206 1040 1255 1102 est

85 1144 214 1215 effectui
227 1149 450 1236 mancipatum.
484 1148 551 1217 Nec
568 1149 608 1217 ad
621 1169 679 1217 nos
693 1150 781 1217 venit
795 1170 854 1219 nec
868 1150 1005 1236 aliquam
1020 1151 1254 1218 excusationem

84 1265 262 1352 pretendit,
291 1286 388 1353 quare
415 1286 586 1353 pauperem
613 1266 710 1333 istum
737 1266 836 1333 tande
865 1267 1120 1356 oppressionibus
1142 1287 1254 1353 aggra-

83 1387 188 1449 varet
221 1381 302 1461 Quia
322 1383 419 1468 igitur
442 1382 697 1471 oppressionibus
724 1388 756 1449 et
783 1380 943 1451 laboribus
965 1384 1033 1451 eius
1056 1382 1147 1451 ualde
1168 1404 1253 1451 com·

83 1498 227 1584 patimm
249 1504 281 1567 et
303 1504 424 1569 tantam
447 1499 673 1569 contumaciam
687 1500 919 1587 pretermittere
932 1519 996 1567 non
1011 1520 1178 1589 possumus
1193 1501 1253 1567 im-

82 1615 247 1702 punitam,
276 1636 333 1703 per
357 1617 518 1705 presentia
543 1616 602 1685 tibi
629 1617 748 1703 scripta
774 1617 977 1702 mandamus,
1007 1618 1154 1703 quatinus
1181 1637 1253 1705 pre-

83 1730 207 1798 dictum
229 1729 469 1817 Godteboldum)
492 1733 631 1801 studiose
653 1752 865 1819 commoneas,
888 1740 925 1800 ut
946 1732 1128 1801 mmlesiam
1149 1734 1253 1822 ipsam

83 1851 118 1914 et
142 1846 247 1915 ablata
267 1867 324 1936 per
347 1870 380 1917 se
402 1855 435 1917 et
457 1850 554 1917 alium
575 1851 610 1917 in
630 1850 787 1935 integrum
809 1850 894 1917 infra
915 1852 960 1917 20
981 1850 1063 1935 dies,
1086 1856 1253 1939 postquam

83 1984 106 2030 a
126 1968 161 2031 te
183 1966 389 2033 commonitus
410 1968 520 2052 fuerit,
550 1966 651 2034 eidem
672 1966 881 2049 E(rerbardo)
904 1968 1031 2034 omnino
1052 1968 1200 2035 restituat
1221 1972 1254 2035 et

83 2080 125 2147 de
148 2086 251 2149 cebro
273 2081 402 2169 pacifice
424 2103 496 2150 enm
517 2083 678 2171 possidere
700 2084 873 2170 permittat
908 2082 998 2163 Quod
1012 2085 1040 2152 si
1054 2085 1156 2154 facere
1178 2105 1252 2153 oon-

81 2199 260 2285 tempserit,
283 2218 322 2267 ex
344 2206 420 2267 tunc
433 2200 539 2287 ipsum
553 2198 794 2283 G(odeboldum)
809 2200 1113 2270 excommunicatum
1127 2202 1252 2289 publice

83 2313 266 2399 denunties3
288 2335 348 2383 nec
366 2316 525 2385 avincula
539 2316 870 2385 excommunicationis
883 2318 986 2406 possit
999 2317 1130 2403 absolui,
1153 2319 1252 2388 donec
1371 2358 1377 2366 ·

81 2450 144 2518 pro
165 2436 257 2498 tanta
275 2431 445 2500 rebellione
466 2432 573 2501 ueniat
595 2434 636 2501 ad
656 2438 798 2501 nostram
819 2434 1011 2520 presentiam
1032 2453 1250 2521 responsuros.

82 2546 240 2635 Quicquid
261 2552 367 2617 autem
388 2549 502 2617 exinde
524 2572 544 2618 a
564 2556 597 2619 te
618 2548 714 2618 fuerit
734 2550 863 2635 tactum,
886 2549 1066 2617 atmodum
1080 2550 1180 2637 ipsius
1195 2570 1250 2619 ne·

81 2664 167 2749 gocii
198 2663 288 2733 nobis
319 2666 383 2733 tuis
409 2666 524 2735 litteris
558 2686 654 2753 qnam
680 2666 773 2733 citius
805 2666 932 2735 studeas
958 2666 1116 2735 intimare·
1166 2665 1251 2735 Data

81 2780 202 2849 Albani
228 2784 269 2849 10
291 2780 360 2849 Kal
377 2782 457 2851 Iulii.

82 3011 175 3084 269.
194 3014 355 3104 Ενραιὶω
376 3015 532 3105 IIIpapa
554 3016 728 3084 Wr'taldam
751 3018 790 3083 de
812 3017 891 3083 bireta
907 3038 987 3105 qaue
1001 3020 1249 3105 semptempl-

194 3132 279 3199 uoto
298 3132 555 3220 maurenascae
594 3134 693 3199 Addit
707 3134 745 3221 de
759 3132 900 3199 Αηιοῑᾶο
913 3131 937 3197 Ι
945 3130 1175 3221 uobiepbcopo
1191 3134 1250 3200 Oo-

194 3249 325 3315 lom'sass‘
339 3272 360 3315 a
372 3272 437 3315 sese
450 3251 485 3315 ia
494 3250 661 3337 prodeam
673 3249 1079 3336 dipaitateraaoareeta'tato.
1097 3245 1249 3331 (11253.)

172 3380 332 3467 Eugenius
361 3382 526 3471 episcopus
554 3402 662 3450 servus
685 3401 846 3449 servornm
867 3380 930 3447 Dei
952 3380 1065 3449 dilecto
1086 3380 1152 3449 tilio
1169 3380 1249 3465 wo·
1276 3389 1347 3445 1150

79 3496 189 3581 baldo)
212 3497 392 3567 Gorbeiensi
421 3498 527 3567 abbati
549 3499 683 3566 salutem
710 3502 742 3565 et
764 3496 969 3585 apostolicam
990 3497 1247 3567 benedictionem.
1265 3463 1357 3511 m

170 3612 326 3683 Litteras¹
347 3616 523 3685 dilectionis
546 3622 619 3685 tuae
641 3614 747 3683 debita
767 3614 963 3699 benignitate
983 3615 1194 3703 smcepimus3
1217 3620 1250 3683 et

80 3731 158 3819 quia
178 3752 237 3819 pro
259 3738 361 3801 matre
384 3739 439 3802 tua
464 3738 574 3801 sancta
594 3732 736 3799 Romana
763 3730 914 3799 aecclesia
939 3735 1090 3817 tanquam
1118 3732 1248 3800 devotus

77 3847 166 3915 iilius
189 3850 342 3919 abentem
364 3848 606 3919 sollicitudinem
627 3848 725 3934 geris,
748 3852 875 3933 gratnm
895 3845 987 3914 nobis
1010 3852 1073 3932 est,
1100 3827 1133 3913 et
1154 3847 1248 3915 dero-

78 3968 200 4035 tionem
224 3973 311 4036 tuam
326 3968 360 4035 iu
374 3968 510 4035 Domino
524 3962 747 4035 collaudamus.
781 3964 844 4033 Pro
860 3963 1074 4031 Gaminatensi
1087 3982 1162 4030 vero
1177 3980 1248 4031 aec·

79 4082 187 4169 clesia,
211 4084 293 4151 sicut
313 4086 441 4170 rogasti,
465 4088 497 4151 et
518 4083 574 4152 de·
595 4080 650 4168 eis,
674 4082 728 4168 qui
749 4081 833 4149 bona
855 4081 923 4148 eius
945 4079 1067 4147 autem
1090 4078 1246 4164 dicuntur,

78 4198 240 4269 Hmdensi
261 4200 407 4289 episcopo
430 4200 630 4289 scripsimus3
657 4204 707 4267 set
734 4218 793 4285 pro
815 4217 926 4282 causa,
954 4216 1049 4283 quam
1069 4194 1160 4263 nobis
1181 4194 1247 4263 tuis

151 4356 173 4391 a.
193 4342 223 4391 de
239 4342 331 4392 addidi

151 4430 178 4487 1.
197 4444 241 4501 ep
254 4430 306 4486 noi
324 4443 409 4500 snpra
424 4444 452 4499 p.
464 4430 525 4487 tib
