3117 4859
313 242 380 310 294
690 258 841 308 wmarmr
860 258 1026 307 namucus
1048 258 1101 305 ua.

227 408 295 466 1149
313 408 407 470 terna
426 420 483 489 per
505 401 609 469 Iesum
632 400 793 470 Christum
807 400 967 469 liberatos.
1002 401 1071 469 Hoc
1083 420 1198 469 nomen
1211 402 1377 471 invocetur
1390 422 1478 490 super

313 538 387 603 nos,
416 518 499 604 quod
526 539 590 585 non
615 518 721 606 perdit
741 517 888 586 innoxios
916 538 976 587 nec
998 519 1101 586 salvat
1120 525 1284 603 nocentem
1312 521 1479 604 invooehu,

314 637 457 722 inquam,
487 655 551 703 non
573 636 720 703 obdurati
742 634 846 703 cordis
868 641 901 703 et
921 634 1057 702 infidelis
1080 636 1144 702 oris
1167 635 1303 722 alloquio
1324 641 1375 702 set
1396 638 1480 703 inno·

315 754 436 821 candae
458 758 491 820 at
512 752 661 840 puritatis
684 753 843 839 obsequio.
926 751 1075 819 Preterea
1095 772 1159 818 non
1173 753 1361 821 dissimilem
1373 753 1481 840 impie-

315 871 391 937 tatis
407 889 546 937 errorem
560 869 730 937 insanisse
746 867 898 954 argueris,
921 868 956 934 in
976 889 1014 935 eo
1028 868 1158 954 scilicet,
1182 870 1264 955 quod
1278 874 1483 937 mercatorem

315 986 481 1073 quendam,
498 985 691 1053 socdsribus
711 984 770 1053 tibi
786 992 818 1053 et
831 985 1000 1073 prohibitis
1015 986 1209 1053 commerciis
1224 987 1345 1053 socium
1360 992 1395 1054 et
1409 986 1482 1053 ami·

315 1124 396 1187 cum,
420 1102 747 1171 anathematizaveris.
794 1100 883 1169 Soles
906 1102 1001 1186 euim,
1024 1103 1167 1169 tradatis
1189 1108 1330 1171 recenter
1353 1101 1483 1170 vivificis
1555 1121 1556 1172 1

315 1220 536 1305 sacramentis,
565 1224 657 1287 extra
684 1218 867 1287 aecclesiam
893 1219 928 1286 in
950 1219 1140 1287 cimiterium
1160 1220 1295 1287 fratrum
1317 1219 1424 1305 exire,
1450 1226 1484 1285 ut

314 1337 388 1405 inde
410 1336 513 1423 possis
534 1335 686 1424 oppidum
700 1335 919 1421 Horenhusen,
944 1335 1028 1422 quod
1042 1336 1077 1402 in
1090 1334 1174 1403 valle
1188 1336 1285 1403 situm
1299 1340 1359 1420 eet,
1381 1336 1484 1423 despi-
1555 1329 1556 1416 ,

316 1474 386 1521 care
409 1459 450 1538 et,
474 1451 686 1539 contemplata
707 1452 800 1519 domo
822 1452 870 1518 tui
892 1451 1019 1537 sodalis,
1042 1453 1149 1539 ipsum
1163 1458 1196 1520 ct
1208 1473 1338 1520 uxorem
1356 1473 1396 1521 ac
1408 1450 1485 1519 libe-
1555 1449 1556 1510 i

315 1590 368 1637 ros
391 1569 669 1637 excommunicare.
705 1568 782 1648 Quis
805 1574 836 1635 tc
859 1569 1022 1635 consutuit
1042 1569 1219 1657 principem
1240 1568 1373 1657 populi?
1408 1568 1485 1635 Cum

316 1686 357 1753 ad
382 1685 563 1773 presbiterii
590 1685 723 1771 gradum
757 1685 944 1769 ascendisti,
978 1689 1168 1772 potestatem
1200 1686 1351 1773 accepisti
1377 1706 1485 1753 conse
1555 1681 1556 1710 *

316 1802 424 1869 orandi
440 1822 554 1889 corpus
569 1806 601 1869 et
616 1802 801 1887 sanguinem
816 1801 955 1886 Domini,
975 1822 1040 1869 nou
1053 1805 1244 1889 potestatem
1257 1801 1378 1887 bgaudi
1392 1807 1486 1889 atque

316 1918 466 1987 solvendi.
501 1918 591 1987 Hanc
612 1923 803 2007 potestatem
818 1920 939 2007 accepit
954 1918 1105 1985 aecclesia
1126 1918 1280 1985 catholica
1300 1938 1373 1985 cum
1394 1918 1485 1986 beato
1556 1949 1557 1986 1

315 2034 420 2120 Petro,
443 2041 493 2103 set
513 2056 578 2103 non
601 2040 650 2103 est
671 2033 786 2103 diffusa
807 2035 841 2100 in
863 2055 982 2121 onmes,
1005 2036 1060 2122 qui
1081 2035 1268 2102 sacerdotali
1290 2034 1392 2103 officio
1416 2036 1486 2101 fun·

316 2156 449 2237 guntur,
478 2152 594 2221 seteis
617 2156 741 2219 tantm
763 2150 893 2236 collata,
922 2150 976 2237 qui
999 2151 1039 2218 ad
1061 2171 1156 2219 curae
1177 2150 1351 2239 spiritualis
1375 2152 1485 2219 ammi-

316 2269 536 2337 ohuauonom
551 2267 717 2355 eliguntur.
752 2268 865 2335 Nonne
880 2287 951 2335 cum
966 2266 1044 2335 talia
1065 2268 1144 2353 agis,
1166 2266 1297 2335 Balaam
1312 2268 1485 2356 prophetae

316 2366 502 2469 recordaris,
526 2386 579 2471 qni
602 2385 642 2452 ad
660 2384 911 2453 maledicendum
925 2383 1042 2471 populo
1056 2383 1117 2452 Dei
1132 2384 1273 2453 ascendit
1286 2384 1321 2450 in
1335 2390 1484 2468 montem,
1556 2375 1557 2418 ³

317 2509 349 2570 et
370 2507 494 2569 cecatus
518 2501 673 2569 evanidas
695 2501 850 2587 tenebris,
878 2501 998 2569 tociens
1026 2500 1219 2589 prohibitus,
1247 2501 1323 2568 dum
1344 2502 1485 2589 pertina-

316 2619 394 2687 citer
421 2618 608 2685 maledicere
637 2618 812 2703 desiderat,
843 2618 987 2706 copiosae
1019 2617 1245 2687 benedictionis
1271 2637 1388 2685 munus
1416 2638 1485 2684 cum

317 2736 420 2821 gratia
441 2734 631 2824 prophetae·
654 2734 806 2801 contulit?
841 2732 895 2801 Sic
908 2733 1102 2819 benedicitis,
1125 2753 1198 2802 cum
1218 2733 1409 2802 maledicere
1429 2755 1484 2821 pu·

317 2854 407 2935 tatis3
432 2858 464 2919 et
486 2854 680 2920 convertitur
701 2852 735 2918 in
757 2872 813 2918 vos
835 2849 1032 2935 maledictio,
1055 2855 1087 2917 et
1106 2849 1224 2917 transit
1244 2850 1286 2917 ad
1305 2853 1484 2937 proximum

318 2970 504 3037 benedictio.
538 2968 683 3035 Vidimus
711 2968 745 3035 in
773 2959 961 3053 quibusdam
987 2966 1066 3034 illud
1093 2967 1277 3055 psalmistae
1302 2967 1483 3056 impletum:

318 3088 514 3173 Priusquam
529 3086 722 3166 tonitura,
741 3108 796 3173 epo
812 3085 933 3171 deliqui
941 3079 959 3161 ¹,·
983 3089 1015 3149 eb
1031 3103 1110 3170 quos
1124 3081 1317 3150 lascivientis
1332 3084 1484 3153 lubricum

319 3204 421 3269 carnis
445 3200 614 3287 evertebat
637 3201 713 3267 facti
735 3199 938 3267 subiecticres
961 3203 993 3266 et
1016 3199 1056 3267 ad
1076 3220 1200 3267 omnem
1214 3200 1356 3288 obsequii
1378 3208 1412 3268 et
1431 3222 1484 3290 pe·

319 3318 449 3387 tientiae
471 3318 590 3385 cultum
612 3317 834 3405 promptiores,
857 3316 1140 3405 recompensabant
1160 3317 1301 3384 modeste
1322 3319 1484 3385 serviendo

200 3452 202 3460 ’
320 3441 352 3505 et
378 3455 481 3503 mores
509 3434 641 3503 aliorum
671 3434 870 3519 sustinendo,
903 3433 1052 3520 quicquid
1079 3433 1237 3522 dispendii
1263 3433 1357 3521 lapsu
1384 3435 1485 3502 caruis

320 3552 550 3621 commiserant.
586 3550 634 3617 Tu
660 3570 723 3617 non
753 3549 843 3616 audis
864 3548 970 3617 David
991 3549 1163 3617 dicentem:
1191 3551 1299 3617 Nolite
1311 3554 1391 3637 fiori
1411 3556 1487 3619 sicu

321 3693 416 3757 equus
440 3682 469 3735 ct
488 3662 618 3735 mulus'.
654 3666 710 3735 Set
725 3671 890 3753 peccatum
906 3673 996 3733 tuum
1010 3670 1047 3733 ut
1061 3666 1198 3733 Sodom
1211 3668 1357 3754 predicas
1380 3674 1414 3735 et
1427 3689 1487 3735 nco

321 3779 503 3853 abscondis⁸
528 3788 574 3869 et,
598 3784 681 3871 quod
703 3784 877 3871 pessimum
900 3787 964 3868 est,
991 3783 1171 3851 mentiendo
1193 3785 1327 3852 iurando
1349 3789 1382 3851 et
1403 3786 1486 3853 dete-

321 3902 432 3971 stando
461 3902 596 3969 fratrum
623 3900 744 3967 animos
767 3898 908 3967 offendis.
998 3898 1122 3967 Diceris
1145 3901 1241 3969 etiam
1263 3902 1417 3989 quosdam
1437 3920 1485 3968 ca-

321 4024 459 4087 racteres
481 4016 606 4102 habere,
629 4023 662 4085 et
683 4016 753 4084 illos
772 4016 814 4083 ad
828 4016 963 4103 quedam
976 4018 1131 4105 prestigia
1149 4024 1182 4085 et
1197 4017 1368 4087 diabolicas
1382 4018 1485 4085 incau-

321 4137 456 4204 tationes
480 4140 574 4221 atque
595 4154 671 4201 osus
697 4132 857 4220 improbos
887 4132 1099 4219 conscribere,
1127 4135 1240 4221 quibas
1262 4156 1304 4203 ne
1324 4133 1482 4221 gentilium

393 4299 413 4333 a
427 4286 502 4351 ,pphp
516 4304 537 4333 ο.

394 4383 417 4436 1.
436 4382 482 4437 Pe.
496 4382 555 4451 118,
568 4380 610 4438 67.
682 4381 707 4435 2.
727 4380 773 4436 Pa.
785 4381 829 4451 31,
842 4380 868 4435 9.
939 4381 964 4437 3.
983 4379 1047 4437 lsai.
1059 4381 1085 4451 3,
1097 4381 1124 4436 9.
