<?xml version="1.0" encoding="UTF-8"?>
<!DOCTYPE html PUBLIC "-//W3C//DTD XHTML 1.0 Transitional//EN"
    "http://www.w3.org/TR/xhtml1/DTD/xhtml1-transitional.dtd">
<html xmlns="http://www.w3.org/1999/xhtml" xml:lang="en" lang="en">
 <head>
  <title>
</title>
<meta http-equiv="Content-Type" content="text/html;charset=utf-8" />
  <meta name='ocr-system' content='tesseract 3.04.00' />
  <meta name='ocr-capabilities' content='ocr_page ocr_carea ocr_par ocr_line ocrx_word'/>
</head>
<body>
  <div class='ocr_page' id='page_1' title='image "./bibliothecareru05jaffgoog_0154.png"; bbox 0 0 3117 4859; ppageno 0'>
   <div class='ocr_carea' id='block_1_1' title="bbox 325 241 1143 312">
    <p class='ocr_par' dir='ltr' id='par_1_1' title="bbox 325 241 1143 312">
     <span class='ocr_line' id='line_1_1' title="bbox 325 241 1143 312; baseline -0.013 0"><span class='ocrx_word' id='word_1_1' title='bbox 325 241 390 312; x_wconf 82' lang='grc'><strong>146</strong></span> <span class='ocrx_word' id='word_1_2' title='bbox 677 255 827 307; x_wconf 76' lang='lat' dir='ltr'><strong>umnam</strong></span> <span class='ocrx_word' id='word_1_3' title='bbox 847 252 1033 305; x_wconf 75' lang='lat' dir='ltr'><strong>muroena</strong></span> <span class='ocrx_word' id='word_1_4' title='bbox 1051 251 1091 303; x_wconf 81' lang='lat' dir='ltr'><strong>eo.</strong></span> <span class='ocrx_word' id='word_1_5' title='bbox 1105 250 1143 302; x_wconf 82' lang='lat' dir='ltr'><strong>ro.</strong></span> 
     </span>
    </p>
   </div>
   <div class='ocr_carea' id='block_1_2' title="bbox 218 394 1490 2353">
    <p class='ocr_par' dir='ltr' id='par_1_2' title="bbox 218 394 1490 2236">
     <span class='ocr_line' id='line_1_2' title="bbox 225 394 1482 483; baseline -0.004 -15"><span class='ocrx_word' id='word_1_6' title='bbox 225 410 295 468; x_wconf 71' lang='lat'>114⁷</span> <span class='ocrx_word' id='word_1_7' title='bbox 323 404 498 471; x_wconf 90' lang='lat' dir='ltr'><strong>testimonii</strong></span> <span class='ocrx_word' id='word_1_8' title='bbox 526 407 558 470; x_wconf 91' lang='lat' dir='ltr'><strong>et</strong></span> <span class='ocrx_word' id='word_1_9' title='bbox 585 402 620 468; x_wconf 88' lang='lat' dir='ltr'><strong>in</strong></span> <span class='ocrx_word' id='word_1_10' title='bbox 646 400 802 469; x_wconf 89' lang='lat' dir='ltr'><strong>catholica</strong></span> <span class='ocrx_word' id='word_1_11' title='bbox 823 400 974 467; x_wconf 89' lang='lat' dir='ltr'><strong>aecclesia</strong></span> <span class='ocrx_word' id='word_1_12' title='bbox 995 398 1073 465; x_wconf 90' lang='lat' dir='ltr'><strong>bene</strong></span> <span class='ocrx_word' id='word_1_13' title='bbox 1094 398 1307 482; x_wconf 88' lang='lat' dir='ltr'><strong>nominatum,</strong></span> <span class='ocrx_word' id='word_1_14' title='bbox 1338 415 1428 483; x_wconf 88' lang='lat' dir='ltr'><strong>quem</strong></span> <span class='ocrx_word' id='word_1_15' title='bbox 1447 394 1482 463; x_wconf 80' lang='lat' dir='ltr'><strong>ad</strong></span> 
     </span>
     <span class='ocr_line' id='line_1_3' title="bbox 218 486 1483 607; baseline -0.008 -18"><span class='ocrx_word' id='word_1_16' title='bbox 218 501 238 534; x_wconf 75' lang='lat'><strong>⁰&#39;</strong></span> <span class='ocrx_word' id='word_1_17' title='bbox 251 486 307 533; x_wconf 55' lang='grc' dir='ltr'><strong>Μ’</strong></span> <span class='ocrx_word' id='word_1_18' title='bbox 324 526 450 588; x_wconf 88' lang='lat' dir='ltr'><strong>nostras</strong></span> <span class='ocrx_word' id='word_1_19' title='bbox 478 524 587 607; x_wconf 88' lang='lat' dir='ltr'><strong>partes</strong></span> <span class='ocrx_word' id='word_1_20' title='bbox 614 518 784 585; x_wconf 70' lang='lat' dir='ltr'><strong>accessisse</strong></span> <span class='ocrx_word' id='word_1_21' title='bbox 806 515 976 583; x_wconf 81' lang='lat' dir='ltr'><strong>admodum</strong></span> <span class='ocrx_word' id='word_1_22' title='bbox 997 514 1184 600; x_wconf 79' lang='lat' dir='ltr'><strong>gaudemus,</strong></span> <span class='ocrx_word' id='word_1_23' title='bbox 1212 518 1323 600; x_wconf 84' lang='lat' dir='ltr'><strong>utpote</strong></span> <span class='ocrx_word' id='word_1_24' title='bbox 1343 514 1385 581; x_wconf 89' lang='lat' dir='ltr'><strong>de</strong></span> <span class='ocrx_word' id='word_1_25' title='bbox 1404 514 1483 579; x_wconf 77' lang='lat' dir='ltr'><strong>onius</strong></span> 
     </span>
     <span class='ocr_line' id='line_1_4' title="bbox 323 630 1484 725; baseline -0.007 -21"><span class='ocrx_word' id='word_1_26' title='bbox 323 636 495 725; x_wconf 87' lang='lat' dir='ltr'><strong>prudentia</strong></span> <span class='ocrx_word' id='word_1_27' title='bbox 522 639 554 702; x_wconf 93' lang='lat' dir='ltr'><strong>et</strong></span> <span class='ocrx_word' id='word_1_28' title='bbox 582 633 739 700; x_wconf 90' lang='lat' dir='ltr'><strong>industria</strong></span> <span class='ocrx_word' id='word_1_29' title='bbox 765 632 939 720; x_wconf 92' lang='lat' dir='ltr'><strong>plurimum</strong></span> <span class='ocrx_word' id='word_1_30' title='bbox 960 630 1154 699; x_wconf 84' lang='lat' dir='ltr'><strong>confidimus.</strong></span> <span class='ocrx_word' id='word_1_31' title='bbox 1190 630 1397 697; x_wconf 86' lang='lat' dir='ltr'><strong>Obsecraurns</strong></span> <span class='ocrx_word' id='word_1_32' title='bbox 1418 648 1484 713; x_wconf 89' lang='lat' dir='ltr'><strong>ergo</strong></span> 
     </span>
     <span class='ocr_line' id='line_1_5' title="bbox 324 744 1485 842; baseline -0.008 -21"><span class='ocrx_word' id='word_1_33' title='bbox 324 744 550 842; x_wconf 88' lang='lat' dir='ltr'><strong>paternitatem</strong></span> <span class='ocrx_word' id='word_1_34' title='bbox 577 755 731 835; x_wconf 87' lang='lat' dir='ltr'><strong>vestram,</strong></span> <span class='ocrx_word' id='word_1_35' title='bbox 762 749 909 835; x_wconf 79' lang='lat' dir='ltr'><strong>quatinus</strong></span> <span class='ocrx_word' id='word_1_36' title='bbox 938 769 1011 816; x_wconf 93' lang='lat' dir='ltr'><strong>eum</strong></span> <span class='ocrx_word' id='word_1_37' title='bbox 1039 749 1073 814; x_wconf 91' lang='lat' dir='ltr'><strong>in</strong></span> <span class='ocrx_word' id='word_1_38' title='bbox 1100 747 1166 814; x_wconf 87' lang='lat' dir='ltr'><strong>suis</strong></span> <span class='ocrx_word' id='word_1_39' title='bbox 1194 744 1403 835; x_wconf 87' lang='lat' dir='ltr'><strong>peticionibus</strong></span> <span class='ocrx_word' id='word_1_40' title='bbox 1430 744 1485 812; x_wconf 88' lang='lat' dir='ltr'><strong>elo·</strong></span> 
     </span>
     <span class='ocr_line' id='line_1_6' title="bbox 289 861 1486 953; baseline -0.008 -15"><span class='ocrx_word' id='word_1_41' title='bbox 289 912 295 921; x_wconf 93' lang='lat'>·</span> <span class='ocrx_word' id='word_1_42' title='bbox 324 874 448 937; x_wconf 85' lang='lat' dir='ltr'><strong>menter</strong></span> <span class='ocrx_word' id='word_1_43' title='bbox 476 866 667 949; x_wconf 81' lang='lat' dir='ltr'><strong>exaudiatis,</strong></span> <span class='ocrx_word' id='word_1_44' title='bbox 697 869 730 932; x_wconf 93' lang='lat' dir='ltr'><strong>et</strong></span> <span class='ocrx_word' id='word_1_45' title='bbox 757 866 907 953; x_wconf 82' lang='lat' dir='ltr'><strong>precipue</strong></span> <span class='ocrx_word' id='word_1_46' title='bbox 934 886 994 952; x_wconf 91' lang='lat' dir='ltr'><strong>pro</strong></span> <span class='ocrx_word' id='word_1_47' title='bbox 1023 861 1173 932; x_wconf 77' lang='lat' dir='ltr'><strong>aecclesie</strong></span> <span class='ocrx_word' id='word_1_48' title='bbox 1199 863 1431 945; x_wconf 78' lang='lat' dir='ltr'><strong>Kamiuateusi3</strong></span> <span class='ocrx_word' id='word_1_49' title='bbox 1454 863 1486 929; x_wconf 92' lang='lat' dir='ltr'><strong>in</strong></span> 
     </span>
     <span class='ocr_line' id='line_1_7' title="bbox 326 976 1487 1073; baseline -0.006 -21"><span class='ocrx_word' id='word_1_50' title='bbox 326 1006 389 1073; x_wconf 88' lang='lat' dir='ltr'><strong>qua</strong></span> <span class='ocrx_word' id='word_1_51' title='bbox 410 988 443 1051; x_wconf 91' lang='lat' dir='ltr'><strong>et</strong></span> <span class='ocrx_word' id='word_1_52' title='bbox 465 982 591 1051; x_wconf 83' lang='lat' dir='ltr'><strong>divinae</strong></span> <span class='ocrx_word' id='word_1_53' title='bbox 612 981 774 1067; x_wconf 80' lang='lat' dir='ltr'><strong>religionis</strong></span> <span class='ocrx_word' id='word_1_54' title='bbox 797 980 926 1067; x_wconf 90' lang='lat' dir='ltr'><strong>cultum,</strong></span> <span class='ocrx_word' id='word_1_55' title='bbox 949 982 1039 1048; x_wconf 90' lang='lat' dir='ltr'><strong>cuius</strong></span> <span class='ocrx_word' id='word_1_56' title='bbox 1056 982 1091 1048; x_wconf 93' lang='lat' dir='ltr'><strong>in</strong></span> <span class='ocrx_word' id='word_1_57' title='bbox 1105 980 1214 1048; x_wconf 85' lang='lat' dir='ltr'><strong>eadem</strong></span> <span class='ocrx_word' id='word_1_58' title='bbox 1229 980 1384 1048; x_wconf 74' lang='lat' dir='ltr'><strong>aecclesie</strong></span> <span class='ocrx_word' id='word_1_59' title='bbox 1395 976 1487 1045; x_wconf 89' lang='lat' dir='ltr'><strong>multa</strong></span> 
     </span>
     <span class='ocr_line' id='line_1_8' title="bbox 324 1094 1487 1187; baseline -0.007 -18"><span class='ocrx_word' id='word_1_60' title='bbox 324 1100 517 1187; x_wconf 89' lang='lat' dir='ltr'><strong>negligentia</strong></span> <span class='ocrx_word' id='word_1_61' title='bbox 538 1099 651 1183; x_wconf 85' lang='lat' dir='ltr'><strong>iuerat,</strong></span> <span class='ocrx_word' id='word_1_62' title='bbox 674 1103 826 1185; x_wconf 90' lang='lat' dir='ltr'><strong>tanquam</strong></span> <span class='ocrx_word' id='word_1_63' title='bbox 847 1100 898 1166; x_wconf 81' lang='lat' dir='ltr'><strong>rir</strong></span> <span class='ocrx_word' id='word_1_64' title='bbox 917 1096 1082 1183; x_wconf 87' lang='lat' dir='ltr'><strong>religiosus</strong></span> <span class='ocrx_word' id='word_1_65' title='bbox 1102 1116 1140 1164; x_wconf 89' lang='lat' dir='ltr'><strong>ao</strong></span> <span class='ocrx_word' id='word_1_66' title='bbox 1158 1096 1296 1186; x_wconf 89' lang='lat' dir='ltr'><strong>prudens</strong></span> <span class='ocrx_word' id='word_1_67' title='bbox 1310 1094 1487 1179; x_wconf 79' lang='lat' dir='ltr'><strong>reformarit</strong></span> 
     </span>
     <span class='ocr_line' id='line_1_9' title="bbox 325 1214 1488 1302; baseline -0.005 -16"><span class='ocrx_word' id='word_1_68' title='bbox 325 1224 358 1287; x_wconf 89' lang='lat' dir='ltr'><strong>et</strong></span> <span class='ocrx_word' id='word_1_69' title='bbox 383 1216 571 1285; x_wconf 84' lang='lat' dir='ltr'><strong>rediturae</strong></span> <span class='ocrx_word' id='word_1_70' title='bbox 597 1214 827 1302; x_wconf 89' lang='lat' dir='ltr'><strong>possessiones,</strong></span> <span class='ocrx_word' id='word_1_71' title='bbox 856 1234 934 1302; x_wconf 85' lang='lat' dir='ltr'><strong>quas</strong></span> <span class='ocrx_word' id='word_1_72' title='bbox 957 1214 1097 1282; x_wconf 88' lang='lat' dir='ltr'><strong>eiusdem</strong></span> <span class='ocrx_word' id='word_1_73' title='bbox 1118 1215 1303 1282; x_wconf 87' lang='lat' dir='ltr'><strong>monasterii</strong></span> <span class='ocrx_word' id='word_1_74' title='bbox 1323 1214 1488 1295; x_wconf 64' lang='lat' dir='ltr'><strong>abbatem,</strong></span> 
     </span>
     <span class='ocr_line' id='line_1_10' title="bbox 324 1330 1488 1419; baseline -0.004 -17"><span class='ocrx_word' id='word_1_75' title='bbox 324 1334 443 1402; x_wconf 87' lang='lat' dir='ltr'><strong>femina</strong></span> <span class='ocrx_word' id='word_1_76' title='bbox 464 1352 529 1399; x_wconf 91' lang='lat' dir='ltr'><strong>non</strong></span> <span class='ocrx_word' id='word_1_77' title='bbox 551 1331 733 1419; x_wconf 88' lang='lat' dir='ltr'><strong>boni&#39;apud</strong></span> <span class='ocrx_word' id='word_1_78' title='bbox 747 1352 805 1399; x_wconf 91' lang='lat' dir='ltr'><strong>nos</strong></span> <span class='ocrx_word' id='word_1_79' title='bbox 820 1332 1004 1416; x_wconf 85' lang='lat' dir='ltr'><strong>testimonii,</strong></span> <span class='ocrx_word' id='word_1_80' title='bbox 1026 1336 1101 1419; x_wconf 89' lang='lat' dir='ltr'><strong>post</strong></span> <span class='ocrx_word' id='word_1_81' title='bbox 1114 1331 1166 1399; x_wconf 89' lang='lat' dir='ltr'><strong>sui</strong></span> <span class='ocrx_word' id='word_1_82' title='bbox 1179 1330 1410 1419; x_wconf 79' lang='lat' dir='ltr'><strong>depositionem</strong></span> <span class='ocrx_word' id='word_1_83' title='bbox 1422 1348 1488 1397; x_wconf 87' lang='lat' dir='ltr'><strong>eum</strong></span> 
     </span>
     <span class='ocr_line' id='line_1_11' title="bbox 323 1446 1487 1536; baseline -0.005 -17"><span class='ocrx_word' id='word_1_84' title='bbox 323 1451 413 1519; x_wconf 83' lang='lat' dir='ltr'><strong>vanis</strong></span> <span class='ocrx_word' id='word_1_85' title='bbox 437 1454 469 1517; x_wconf 89' lang='lat' dir='ltr'><strong>et</strong></span> <span class='ocrx_word' id='word_1_86' title='bbox 491 1446 656 1535; x_wconf 88' lang='lat' dir='ltr'><strong>superfluis</strong></span> <span class='ocrx_word' id='word_1_87' title='bbox 679 1448 858 1516; x_wconf 92' lang='lat' dir='ltr'><strong>hominibus</strong></span> <span class='ocrx_word' id='word_1_88' title='bbox 881 1448 1092 1536; x_wconf 78' lang='lat' dir='ltr'><strong>dissipaverat</strong></span> <span class='ocrx_word' id='word_1_89' title='bbox 1113 1454 1146 1515; x_wconf 91' lang='lat' dir='ltr'><strong>et</strong></span> <span class='ocrx_word' id='word_1_90' title='bbox 1165 1446 1320 1515; x_wconf 80' lang='lat' dir='ltr'><strong>militibus</strong></span> <span class='ocrx_word' id='word_1_91' title='bbox 1341 1448 1378 1513; x_wconf 90' lang='lat' dir='ltr'><strong>iu</strong></span> <span class='ocrx_word' id='word_1_92' title='bbox 1401 1446 1487 1515; x_wconf 86' lang='lat' dir='ltr'><strong>bene·</strong></span> 
     </span>
     <span class='ocr_line' id='line_1_12' title="bbox 322 1562 1489 1651; baseline -0.003 -17"><span class='ocrx_word' id='word_1_93' title='bbox 322 1566 393 1635; x_wconf 88' lang='lat' dir='ltr'><strong>ficio</strong></span> <span class='ocrx_word' id='word_1_94' title='bbox 416 1569 623 1650; x_wconf 79' lang='lat' dir='ltr'><strong>concesserat,</strong></span> <span class='ocrx_word' id='word_1_95' title='bbox 649 1570 802 1651; x_wconf 87' lang='lat' dir='ltr'><strong>tanquam</strong></span> <span class='ocrx_word' id='word_1_96' title='bbox 823 1566 874 1633; x_wconf 83' lang='lat' dir='ltr'><strong>vir</strong></span> <span class='ocrx_word' id='word_1_97' title='bbox 895 1571 1042 1632; x_wconf 75' lang='lat' dir='ltr'><strong>strennus</strong></span> <span class='ocrx_word' id='word_1_98' title='bbox 1063 1566 1132 1632; x_wconf 88' lang='lat' dir='ltr'><strong>fere</strong></span> <span class='ocrx_word' id='word_1_99' title='bbox 1152 1562 1194 1631; x_wconf 90' lang='lat' dir='ltr'><strong>ad</strong></span> <span class='ocrx_word' id='word_1_100' title='bbox 1214 1566 1374 1649; x_wconf 80' lang='lat' dir='ltr'><strong>integrum</strong></span> <span class='ocrx_word' id='word_1_101' title='bbox 1395 1562 1489 1631; x_wconf 83' lang='lat' dir='ltr'><strong>recol·</strong></span> 
     </span>
     <span class='ocr_line' id='line_1_13' title="bbox 321 1680 1489 1768; baseline -0.003 -18"><span class='ocrx_word' id='word_1_102' title='bbox 321 1683 399 1768; x_wconf 89' lang='lat' dir='ltr'><strong>legit</strong></span> <span class='ocrx_word' id='word_1_103' title='bbox 427 1688 459 1749; x_wconf 90' lang='lat' dir='ltr'><strong>et</strong></span> <span class='ocrx_word' id='word_1_104' title='bbox 487 1680 677 1749; x_wconf 78' lang='lat' dir='ltr'><strong>utilitatibus</strong></span> <span class='ocrx_word' id='word_1_105' title='bbox 705 1683 889 1750; x_wconf 85' lang='lat' dir='ltr'><strong>monasterii</strong></span> <span class='ocrx_word' id='word_1_106' title='bbox 910 1680 1059 1749; x_wconf 86' lang='lat' dir='ltr'><strong>restituit</strong></span> <span class='ocrx_word' id='word_1_107' title='bbox 1094 1680 1178 1748; x_wconf 87' lang='lat' dir='ltr'><strong>Huic</strong></span> <span class='ocrx_word' id='word_1_108' title='bbox 1198 1700 1271 1767; x_wconf 91' lang='lat' dir='ltr'><strong>ergo</strong></span> <span class='ocrx_word' id='word_1_109' title='bbox 1293 1681 1417 1747; x_wconf 88' lang='lat' dir='ltr'><strong>homini</strong></span> <span class='ocrx_word' id='word_1_110' title='bbox 1437 1680 1489 1747; x_wconf 82' lang='lat' dir='ltr'><strong>ba·</strong></span> 
     </span>
     <span class='ocr_line' id='line_1_14' title="bbox 321 1786 1490 1886; baseline -0.002 -19"><span class='ocrx_word' id='word_1_111' title='bbox 321 1800 425 1867; x_wconf 83' lang='lat' dir='ltr'><strong>benti·</strong></span> <span class='ocrx_word' id='word_1_112' title='bbox 453 1798 557 1866; x_wconf 91' lang='lat' dir='ltr'><strong>zelum</strong></span> <span class='ocrx_word' id='word_1_113' title='bbox 584 1798 646 1865; x_wconf 88' lang='lat' dir='ltr'><strong>Dei</strong></span> <span class='ocrx_word' id='word_1_114' title='bbox 672 1804 824 1885; x_wconf 85' lang='lat' dir='ltr'><strong>tanquam</strong></span> <span class='ocrx_word' id='word_1_115' title='bbox 850 1798 924 1886; x_wconf 90' lang='lat' dir='ltr'><strong>pius</strong></span> <span class='ocrx_word' id='word_1_116' title='bbox 950 1803 983 1865; x_wconf 88' lang='lat' dir='ltr'><strong>et</strong></span> <span class='ocrx_word' id='word_1_117' title='bbox 1009 1797 1152 1865; x_wconf 89' lang='lat' dir='ltr'><strong>clemens.</strong></span> <span class='ocrx_word' id='word_1_118' title='bbox 1174 1803 1266 1885; x_wconf 81' lang='lat' dir='ltr'><strong>pater</strong></span> <span class='ocrx_word' id='word_1_119' title='bbox 1293 1786 1435 1865; x_wconf 82' lang='lat' dir='ltr'><strong>assistite</strong></span> <span class='ocrx_word' id='word_1_120' title='bbox 1461 1802 1490 1864; x_wconf 90' lang='lat' dir='ltr'><strong>et</strong></span> 
     </span>
     <span class='ocr_line' id='line_1_15' title="bbox 321 1914 1489 2001; baseline -0.002 -18"><span class='ocrx_word' id='word_1_121' title='bbox 321 1914 456 1999; x_wconf 88' lang='lat' dir='ltr'><strong>labores,</strong></span> <span class='ocrx_word' id='word_1_122' title='bbox 486 1935 563 2001; x_wconf 92' lang='lat' dir='ltr'><strong>quos</strong></span> <span class='ocrx_word' id='word_1_123' title='bbox 585 1915 662 1981; x_wconf 82' lang='lat' dir='ltr'><strong>fecit</strong></span> <span class='ocrx_word' id='word_1_124' title='bbox 682 1914 716 1981; x_wconf 90' lang='lat' dir='ltr'><strong>iu</strong></span> <span class='ocrx_word' id='word_1_125' title='bbox 739 1915 891 1983; x_wconf 87' lang='lat' dir='ltr'><strong>aecclesia</strong></span> <span class='ocrx_word' id='word_1_126' title='bbox 912 1915 984 1999; x_wconf 89' lang='lat' dir='ltr'><strong>Dei,</strong></span> <span class='ocrx_word' id='word_1_127' title='bbox 1010 1920 1116 1982; x_wconf 77' lang='lat' dir='ltr'><strong>varra</strong></span> <span class='ocrx_word' id='word_1_128' title='bbox 1138 1915 1324 1983; x_wconf 72' lang='lat' dir='ltr'><strong>auewritate</strong></span> <span class='ocrx_word' id='word_1_129' title='bbox 1345 1914 1489 1982; x_wconf 78' lang='lat' dir='ltr'><strong>corrobe</strong></span> 
     </span>
     <span class='ocr_line' id='line_1_16' title="bbox 321 2031 1489 2119; baseline -0.003 -19"><span class='ocrx_word' id='word_1_130' title='bbox 321 2036 405 2115; x_wconf 89' lang='lat' dir='ltr'><strong>rate;</strong></span> <span class='ocrx_word' id='word_1_131' title='bbox 435 2031 494 2098; x_wconf 91' lang='lat' dir='ltr'><strong>hoc</strong></span> <span class='ocrx_word' id='word_1_132' title='bbox 515 2031 627 2118; x_wconf 90' lang='lat' dir='ltr'><strong>procul</strong></span> <span class='ocrx_word' id='word_1_133' title='bbox 649 2032 743 2098; x_wconf 90' lang='lat' dir='ltr'><strong>dubio</strong></span> <span class='ocrx_word' id='word_1_134' title='bbox 766 2031 912 2118; x_wconf 87' lang='lat' dir='ltr'><strong>scientes,</strong></span> <span class='ocrx_word' id='word_1_135' title='bbox 940 2032 1022 2118; x_wconf 90' lang='lat' dir='ltr'><strong>quod</strong></span> <span class='ocrx_word' id='word_1_136' title='bbox 1044 2034 1187 2117; x_wconf 84' lang='lat' dir='ltr'><strong>mutatio,</strong></span> <span class='ocrx_word' id='word_1_137' title='bbox 1211 2032 1347 2118; x_wconf 88' lang='lat' dir='ltr'><strong>quaein</strong></span> <span class='ocrx_word' id='word_1_138' title='bbox 1369 2031 1489 2119; x_wconf 80' lang='lat' dir='ltr'><strong>prefato</strong></span> 
     </span>
     <span class='ocr_line' id='line_1_17' title="bbox 321 2147 1490 2236; baseline 0.001 -22"><span class='ocrx_word' id='word_1_139' title='bbox 321 2149 513 2215; x_wconf 88' lang='lat' dir='ltr'><strong>monasterio</strong></span> <span class='ocrx_word' id='word_1_140' title='bbox 541 2149 627 2215; x_wconf 86' lang='lat' dir='ltr'><strong>facta</strong></span> <span class='ocrx_word' id='word_1_141' title='bbox 655 2151 718 2232; x_wconf 89' lang='lat' dir='ltr'><strong>est,</strong></span> <span class='ocrx_word' id='word_1_142' title='bbox 747 2147 892 2215; x_wconf 87' lang='lat' dir='ltr'><strong>omnibus</strong></span> <span class='ocrx_word' id='word_1_143' title='bbox 919 2148 1075 2233; x_wconf 76' lang='lat' dir='ltr'><strong>religiosis</strong></span> <span class='ocrx_word' id='word_1_144' title='bbox 1102 2155 1206 2217; x_wconf 87' lang='lat' dir='ltr'><strong>terrae</strong></span> <span class='ocrx_word' id='word_1_145' title='bbox 1227 2153 1354 2215; x_wconf 88' lang='lat' dir='ltr'><strong>nostrae</strong></span> <span class='ocrx_word' id='word_1_146' title='bbox 1378 2148 1490 2236; x_wconf 83' lang='lat' dir='ltr'><strong>placet,</strong></span> 
     </span>
    </p>

    <p class='ocr_par' dir='ltr' id='par_1_3' title="bbox 321 2263 1455 2353">
     <span class='ocr_line' id='line_1_18' title="bbox 321 2263 1455 2353; baseline 0 -22"><span class='ocrx_word' id='word_1_147' title='bbox 321 2264 371 2331; x_wconf 90' lang='lat' dir='ltr'><strong>bis</strong></span> <span class='ocrx_word' id='word_1_148' title='bbox 394 2268 510 2349; x_wconf 89' lang='lat' dir='ltr'><strong>autem,</strong></span> <span class='ocrx_word' id='word_1_149' title='bbox 535 2265 589 2351; x_wconf 88' lang='lat' dir='ltr'><strong>qui</strong></span> <span class='ocrx_word' id='word_1_150' title='bbox 611 2264 729 2331; x_wconf 92' lang='lat' dir='ltr'><strong>ibidem</strong></span> <span class='ocrx_word' id='word_1_151' title='bbox 750 2264 886 2350; x_wconf 85' lang='lat' dir='ltr'><strong>fuerant,</strong></span> <span class='ocrx_word' id='word_1_152' title='bbox 908 2285 1005 2333; x_wconf 90' lang='lat' dir='ltr'><strong>causa</strong></span> <span class='ocrx_word' id='word_1_153' title='bbox 1025 2266 1275 2352; x_wconf 84' lang='lat' dir='ltr'><strong>irrelegiositatis</strong></span> <span class='ocrx_word' id='word_1_154' title='bbox 1298 2263 1455 2353; x_wconf 80' lang='lat' dir='ltr'><strong>displicet</strong></span> 
     </span>
    </p>
   </div>
   <div class='ocr_carea' id='block_1_3' title="bbox 324 2476 1490 2679">
    <p class='ocr_par' dir='ltr' id='par_1_4' title="bbox 324 2476 1490 2679">
     <span class='ocr_line' id='line_1_19' title="bbox 324 2476 1490 2571; baseline 0.003 -25"><span class='ocrx_word' id='word_1_155' title='bbox 324 2476 385 2548; x_wconf 81' lang='lat'><strong>70.</strong></span> <span class='ocrx_word' id='word_1_156' title='bbox 409 2479 563 2547; x_wconf 73' lang='lat' dir='ltr'><strong>Henrioos</strong></span> <span class='ocrx_word' id='word_1_157' title='bbox 586 2481 651 2546; x_wconf 79' lang='lat' dir='ltr'><strong>dos</strong></span> <span class='ocrx_word' id='word_1_158' title='bbox 674 2478 836 2547; x_wconf 64' lang='lat' dir='ltr'><strong>sacoma</strong></span> <span class='ocrx_word' id='word_1_159' title='bbox 854 2478 999 2570; x_wconf 68' lang='grc' dir='ltr'><strong>Ευρεπὶο</strong></span> <span class='ocrx_word' id='word_1_160' title='bbox 1013 2481 1071 2549; x_wconf 86' lang='lat' dir='ltr'><strong>Ill</strong></span> <span class='ocrx_word' id='word_1_161' title='bbox 1079 2506 1190 2571; x_wconf 78' lang='lat' dir='ltr'><strong>popae</strong></span> <span class='ocrx_word' id='word_1_162' title='bbox 1211 2482 1388 2549; x_wconf 75' lang='lat' dir='ltr'><strong>Ws‘boldom</strong></span> <span class='ocrx_word' id='word_1_163' title='bbox 1411 2504 1490 2549; x_wconf 76' lang='lat' dir='ltr'><strong>eoos·</strong></span> 
     </span>
     <span class='ocr_line' id='line_1_20' title="bbox 409 2596 1490 2679; baseline 0.003 -18"><span class='ocrx_word' id='word_1_164' title='bbox 409 2598 543 2663; x_wconf 80' lang='lat' dir='ltr'><strong>maudut.</strong></span> <span class='ocrx_word' id='word_1_165' title='bbox 1251 2637 1253 2640; x_wconf 95' lang='lat'>·</span> <span class='ocrx_word' id='word_1_166' title='bbox 1350 2596 1410 2679; x_wconf 97' lang='grc' dir='ltr'><strong>(Μ.</strong></span> <span class='ocrx_word' id='word_1_167' title='bbox 1426 2596 1490 2678; x_wconf 81' lang='lat'><strong>58.)</strong></span> 
     </span>
    </p>
   </div>
   <div class='ocr_carea' id='block_1_4' title="bbox 215 2708 1491 4435">
    <p class='ocr_par' dir='ltr' id='par_1_5' title="bbox 215 2708 1491 3030">
     <span class='ocr_line' id='line_1_21' title="bbox 224 2708 1490 2817; baseline 0.002 -21"><span class='ocrx_word' id='word_1_168' title='bbox 224 2708 293 2789; x_wconf 78' lang='grc'><strong>1147</strong></span> <span class='ocrx_word' id='word_1_169' title='bbox 411 2728 634 2797; x_wconf 78' lang='lat' dir='ltr'><strong>sacrosanctae</strong></span> <span class='ocrx_word' id='word_1_170' title='bbox 656 2728 817 2797; x_wconf 85' lang='lat' dir='ltr'><strong>Romanae</strong></span> <span class='ocrx_word' id='word_1_171' title='bbox 839 2728 1008 2797; x_wconf 85' lang='lat' dir='ltr'><strong>aecclesiae</strong></span> <span class='ocrx_word' id='word_1_172' title='bbox 1037 2750 1158 2797; x_wconf 90' lang='lat' dir='ltr'><strong>summo</strong></span> <span class='ocrx_word' id='word_1_173' title='bbox 1185 2729 1326 2817; x_wconf 84' lang='lat' dir='ltr'><strong>pontifici</strong></span> <span class='ocrx_word' id='word_1_174' title='bbox 1346 2730 1490 2817; x_wconf 86' lang='lat' dir='ltr'><strong>Eugeuio</strong></span> 
     </span>
     <span class='ocr_line' id='line_1_22' title="bbox 215 2808 1491 2933; baseline 0.005 -21"><span class='ocrx_word' id='word_1_175' title='bbox 215 2824 235 2855; x_wconf 79' lang='lat'><strong>⁰&#39;</strong></span> <span class='ocrx_word' id='word_1_176' title='bbox 249 2808 304 2856; x_wconf 54' lang='grc' dir='ltr'><strong>Μ’</strong></span> <span class='ocrx_word' id='word_1_177' title='bbox 320 2844 475 2913; x_wconf 86' lang='lat' dir='ltr'><strong>llenricus</strong></span> <span class='ocrx_word' id='word_1_178' title='bbox 502 2846 567 2913; x_wconf 87' lang='lat' dir='ltr'><strong>dux</strong></span> <span class='ocrx_word' id='word_1_179' title='bbox 590 2845 747 2914; x_wconf 80' lang='lat' dir='ltr'><strong>Senoniae</strong></span> <span class='ocrx_word' id='word_1_180' title='bbox 773 2851 941 2933; x_wconf 87' lang='lat' dir='ltr'><strong>promptae</strong></span> <span class='ocrx_word' id='word_1_181' title='bbox 968 2852 1001 2914; x_wconf 92' lang='lat' dir='ltr'><strong>et</strong></span> <span class='ocrx_word' id='word_1_182' title='bbox 1029 2845 1184 2916; x_wconf 88' lang='lat' dir='ltr'><strong>officiosae</strong></span> <span class='ocrx_word' id='word_1_183' title='bbox 1212 2849 1374 2917; x_wconf 85' lang='lat' dir='ltr'><strong>servitutis</strong></span> <span class='ocrx_word' id='word_1_184' title='bbox 1399 2850 1491 2918; x_wconf 84' lang='lat' dir='ltr'><strong>dero·</strong></span> 
     </span>
     <span class='ocr_line' id='line_1_23' title="bbox 320 2963 448 3030; baseline -0.008 -1"><span class='ocrx_word' id='word_1_185' title='bbox 320 2963 448 3030; x_wconf 88' lang='lat' dir='ltr'><strong>tionem.</strong></span> 
     </span>
    </p>

    <p class='ocr_par' dir='ltr' id='par_1_6' title="bbox 318 3078 1491 4335">
     <span class='ocr_line' id='line_1_24' title="bbox 409 3078 1489 3167; baseline 0.005 -22"><span class='ocrx_word' id='word_1_186' title='bbox 409 3078 671 3145; x_wconf 81' lang='lat' dir='ltr'><strong>Commendamus</strong></span> <span class='ocrx_word' id='word_1_187' title='bbox 691 3078 877 3166; x_wconf 84' lang='lat' dir='ltr'><strong>paternitati</strong></span> <span class='ocrx_word' id='word_1_188' title='bbox 893 3083 1017 3147; x_wconf 80' lang='lat' dir='ltr'><strong>restrae</strong></span> <span class='ocrx_word' id='word_1_189' title='bbox 1032 3078 1181 3147; x_wconf 91' lang='lat' dir='ltr'><strong>dilectum</strong></span> <span class='ocrx_word' id='word_1_190' title='bbox 1195 3079 1356 3147; x_wconf 91' lang='lat' dir='ltr'><strong>dominum</strong></span> <span class='ocrx_word' id='word_1_191' title='bbox 1371 3102 1489 3167; x_wconf 83' lang='lat' dir='ltr'><strong>meum,</strong></span> 
     </span>
     <span class='ocr_line' id='line_1_25' title="bbox 319 3194 1490 3287; baseline 0.004 -25"><span class='ocrx_word' id='word_1_192' title='bbox 319 3194 531 3262; x_wconf 77' lang='lat' dir='ltr'><strong>venerabilem</strong></span> <span class='ocrx_word' id='word_1_193' title='bbox 549 3194 745 3262; x_wconf 81' lang='lat' dir='ltr'><strong>Corbeiensis</strong></span> <span class='ocrx_word' id='word_1_194' title='bbox 769 3194 918 3263; x_wconf 87' lang='lat' dir='ltr'><strong>ecclesiae</strong></span> <span class='ocrx_word' id='word_1_195' title='bbox 941 3196 1087 3263; x_wconf 88' lang='lat' dir='ltr'><strong>abbatem</strong></span> <span class='ocrx_word' id='word_1_196' title='bbox 1102 3195 1291 3284; x_wconf 87' lang='lat' dir='ltr'><strong>Wibaldum,</strong></span> <span class='ocrx_word' id='word_1_197' title='bbox 1314 3218 1412 3285; x_wconf 86' lang='lat' dir='ltr'><strong>quern</strong></span> <span class='ocrx_word' id='word_1_198' title='bbox 1433 3218 1490 3287; x_wconf 92' lang='lat' dir='ltr'><strong>pro</strong></span> 
     </span>
     <span class='ocr_line' id='line_1_26' title="bbox 320 3310 1490 3401; baseline 0.005 -24"><span class='ocrx_word' id='word_1_199' title='bbox 320 3311 423 3377; x_wconf 90' lang='lat' dir='ltr'><strong>causis</strong></span> <span class='ocrx_word' id='word_1_200' title='bbox 452 3310 600 3378; x_wconf 89' lang='lat' dir='ltr'><strong>ecclesiae</strong></span> <span class='ocrx_word' id='word_1_201' title='bbox 628 3331 703 3378; x_wconf 88' lang='lat' dir='ltr'><strong>auae</strong></span> <span class='ocrx_word' id='word_1_202' title='bbox 733 3311 773 3378; x_wconf 90' lang='lat' dir='ltr'><strong>ad</strong></span> <span class='ocrx_word' id='word_1_203' title='bbox 800 3317 923 3379; x_wconf 90' lang='lat' dir='ltr'><strong>vestrae</strong></span> <span class='ocrx_word' id='word_1_204' title='bbox 952 3314 1128 3380; x_wconf 87' lang='lat' dir='ltr'><strong>maiestatis</strong></span> <span class='ocrx_word' id='word_1_205' title='bbox 1149 3315 1343 3401; x_wconf 88' lang='lat' dir='ltr'><strong>presentiam</strong></span> <span class='ocrx_word' id='word_1_206' title='bbox 1364 3317 1490 3383; x_wconf 87' lang='lat' dir='ltr'><strong>venisse</strong></span> 
     </span>
     <span class='ocr_line' id='line_1_27' title="bbox 320 3410 1491 3516; baseline 0.005 -22"><span class='ocrx_word' id='word_1_207' title='bbox 320 3427 550 3512; x_wconf 86' lang='lat' dir='ltr'><strong>cognoscimus,</strong></span> <span class='ocrx_word' id='word_1_208' title='bbox 581 3448 674 3514; x_wconf 90' lang='lat' dir='ltr'><strong>quem</strong></span> <span class='ocrx_word' id='word_1_209' title='bbox 704 3426 764 3494; x_wconf 88' lang='lat' dir='ltr'><strong>etsi</strong></span> <span class='ocrx_word' id='word_1_210' title='bbox 789 3427 824 3493; x_wconf 93' lang='lat' dir='ltr'><strong>in</strong></span> <span class='ocrx_word' id='word_1_211' title='bbox 852 3410 1021 3516; x_wconf 82' lang='lat' dir='ltr'><strong>conspectu</strong></span> <span class='ocrx_word' id='word_1_212' title='bbox 1046 3435 1151 3497; x_wconf 88' lang='lat' dir='ltr'><strong>vestro</strong></span> <span class='ocrx_word' id='word_1_213' title='bbox 1174 3430 1308 3514; x_wconf 86' lang='lat' dir='ltr'><strong>gratiam</strong></span> <span class='ocrx_word' id='word_1_214' title='bbox 1330 3431 1491 3499; x_wconf 87' lang='lat' dir='ltr'><strong>invenisse</strong></span> 
     </span>
     <span class='ocr_line' id='line_1_28' title="bbox 319 3542 1490 3633; baseline 0.006 -23"><span class='ocrx_word' id='word_1_215' title='bbox 319 3564 384 3610; x_wconf 93' lang='lat' dir='ltr'><strong>non</strong></span> <span class='ocrx_word' id='word_1_216' title='bbox 407 3544 611 3629; x_wconf 85' lang='lat' dir='ltr'><strong>ambigimus,</strong></span> <span class='ocrx_word' id='word_1_217' title='bbox 643 3565 700 3632; x_wconf 91' lang='lat' dir='ltr'><strong>pro</strong></span> <span class='ocrx_word' id='word_1_218' title='bbox 725 3542 838 3611; x_wconf 86' lang='lat' dir='ltr'><strong>affectu</strong></span> <span class='ocrx_word' id='word_1_219' title='bbox 859 3550 976 3630; x_wconf 88' lang='lat' dir='ltr'><strong>tamen,</strong></span> <span class='ocrx_word' id='word_1_220' title='bbox 1000 3565 1061 3631; x_wconf 91' lang='lat' dir='ltr'><strong>quo</strong></span> <span class='ocrx_word' id='word_1_221' title='bbox 1084 3566 1155 3613; x_wconf 92' lang='lat' dir='ltr'><strong>eum</strong></span> <span class='ocrx_word' id='word_1_222' title='bbox 1178 3546 1352 3633; x_wconf 88' lang='lat' dir='ltr'><strong>diligimus,</strong></span> <span class='ocrx_word' id='word_1_223' title='bbox 1381 3556 1490 3617; x_wconf 84' lang='lat' dir='ltr'><strong>nostra</strong></span> 
     </span>
     <span class='ocr_line' id='line_1_29' title="bbox 321 3662 1490 3754; baseline 0.006 -28"><span class='ocrx_word' id='word_1_224' title='bbox 321 3681 444 3747; x_wconf 88' lang='lat' dir='ltr'><strong>quoque</strong></span> <span class='ocrx_word' id='word_1_225' title='bbox 467 3662 736 3729; x_wconf 88' lang='lat' dir='ltr'><strong>commendatione</strong></span> <span class='ocrx_word' id='word_1_226' title='bbox 761 3680 832 3727; x_wconf 89' lang='lat' dir='ltr'><strong>eum</strong></span> <span class='ocrx_word' id='word_1_227' title='bbox 855 3664 1083 3749; x_wconf 89' lang='lat' dir='ltr'><strong>prosequimur.</strong></span> <span class='ocrx_word' id='word_1_228' title='bbox 1119 3662 1326 3731; x_wconf 87' lang='lat' dir='ltr'><strong>Obseoramus</strong></span> <span class='ocrx_word' id='word_1_229' title='bbox 1342 3685 1419 3751; x_wconf 90' lang='lat' dir='ltr'><strong>ergo</strong></span> <span class='ocrx_word' id='word_1_230' title='bbox 1434 3688 1490 3754; x_wconf 88' lang='lat' dir='ltr'><strong>pa·</strong></span> 
     </span>
     <span class='ocr_line' id='line_1_30' title="bbox 319 3777 1491 3867; baseline 0.004 -23"><span class='ocrx_word' id='word_1_231' title='bbox 319 3777 500 3845; x_wconf 83' lang='lat' dir='ltr'><strong>tenuitatem</strong></span> <span class='ocrx_word' id='word_1_232' title='bbox 522 3783 670 3864; x_wconf 82' lang='lat' dir='ltr'><strong>vestram,</strong></span> <span class='ocrx_word' id='word_1_233' title='bbox 695 3778 842 3864; x_wconf 87' lang='lat' dir='ltr'><strong>quatinus</strong></span> <span class='ocrx_word' id='word_1_234' title='bbox 865 3800 938 3846; x_wconf 91' lang='lat' dir='ltr'><strong>eum</strong></span> <span class='ocrx_word' id='word_1_235' title='bbox 959 3780 993 3845; x_wconf 95' lang='lat' dir='ltr'><strong>in</strong></span> <span class='ocrx_word' id='word_1_236' title='bbox 1016 3780 1081 3846; x_wconf 91' lang='lat' dir='ltr'><strong>suis</strong></span> <span class='ocrx_word' id='word_1_237' title='bbox 1096 3778 1303 3867; x_wconf 86' lang='lat' dir='ltr'><strong>peticionibus</strong></span> <span class='ocrx_word' id='word_1_238' title='bbox 1318 3780 1491 3849; x_wconf 84' lang='lat' dir='ltr'><strong>clementer</strong></span> 
     </span>
     <span class='ocr_line' id='line_1_31' title="bbox 319 3895 1489 3983; baseline 0.003 -23"><span class='ocrx_word' id='word_1_239' title='bbox 319 3895 505 3981; x_wconf 81' lang='lat' dir='ltr'><strong>exaudiatis,</strong></span> <span class='ocrx_word' id='word_1_240' title='bbox 530 3899 562 3961; x_wconf 93' lang='lat' dir='ltr'><strong>et</strong></span> <span class='ocrx_word' id='word_1_241' title='bbox 583 3896 731 3981; x_wconf 86' lang='lat' dir='ltr'><strong>precipue</strong></span> <span class='ocrx_word' id='word_1_242' title='bbox 754 3914 812 3980; x_wconf 92' lang='lat' dir='ltr'><strong>pro</strong></span> <span class='ocrx_word' id='word_1_243' title='bbox 835 3895 966 3962; x_wconf 81' lang='lat' dir='ltr'><strong>ecclesia</strong></span> <span class='ocrx_word' id='word_1_244' title='bbox 988 3895 1221 3981; x_wconf 82' lang='lat' dir='ltr'><strong>Kaminatensi3</strong></span> <span class='ocrx_word' id='word_1_245' title='bbox 1244 3896 1279 3963; x_wconf 92' lang='lat' dir='ltr'><strong>in</strong></span> <span class='ocrx_word' id='word_1_246' title='bbox 1301 3917 1363 3983; x_wconf 90' lang='lat' dir='ltr'><strong>qua</strong></span> <span class='ocrx_word' id='word_1_247' title='bbox 1385 3904 1421 3965; x_wconf 90' lang='lat' dir='ltr'><strong>et</strong></span> <span class='ocrx_word' id='word_1_248' title='bbox 1442 3898 1489 3964; x_wconf 91' lang='lat' dir='ltr'><strong>di·</strong></span> 
     </span>
     <span class='ocr_line' id='line_1_32' title="bbox 318 4009 1489 4098; baseline 0.003 -20"><span class='ocrx_word' id='word_1_249' title='bbox 318 4011 411 4079; x_wconf 88' lang='lat' dir='ltr'><strong>vinae</strong></span> <span class='ocrx_word' id='word_1_250' title='bbox 433 4010 593 4095; x_wconf 92' lang='lat' dir='ltr'><strong>religionis</strong></span> <span class='ocrx_word' id='word_1_251' title='bbox 617 4009 736 4077; x_wconf 87' lang='lat' dir='ltr'><strong>cultum</strong></span> <span class='ocrx_word' id='word_1_252' title='bbox 757 4016 910 4097; x_wconf 89' lang='lat' dir='ltr'><strong>tanquam</strong></span> <span class='ocrx_word' id='word_1_253' title='bbox 932 4012 981 4079; x_wconf 88' lang='lat' dir='ltr'><strong>vir</strong></span> <span class='ocrx_word' id='word_1_254' title='bbox 1004 4013 1170 4098; x_wconf 89' lang='lat' dir='ltr'><strong>religiosus</strong></span> <span class='ocrx_word' id='word_1_255' title='bbox 1192 4034 1229 4081; x_wconf 91' lang='lat' dir='ltr'><strong>ac</strong></span> <span class='ocrx_word' id='word_1_256' title='bbox 1250 4014 1365 4081; x_wconf 87' lang='lat' dir='ltr'><strong>timens</strong></span> <span class='ocrx_word' id='word_1_257' title='bbox 1384 4014 1489 4083; x_wconf 88' lang='lat' dir='ltr'><strong>Deum</strong></span> 
     </span>
     <span class='ocr_line' id='line_1_33' title="bbox 318 4127 1487 4217; baseline 0.002 -22"><span class='ocrx_word' id='word_1_258' title='bbox 318 4128 517 4213; x_wconf 82' lang='lat' dir='ltr'><strong>reformavit,</strong></span> <span class='ocrx_word' id='word_1_259' title='bbox 548 4132 580 4193; x_wconf 92' lang='lat' dir='ltr'><strong>et</strong></span> <span class='ocrx_word' id='word_1_260' title='bbox 606 4128 705 4214; x_wconf 89' lang='lat' dir='ltr'><strong>ipsius</strong></span> <span class='ocrx_word' id='word_1_261' title='bbox 735 4127 885 4195; x_wconf 88' lang='lat' dir='ltr'><strong>ecclesiae</strong></span> <span class='ocrx_word' id='word_1_262' title='bbox 906 4130 1018 4216; x_wconf 86' lang='lat' dir='ltr'><strong>predia</strong></span> <span class='ocrx_word' id='word_1_263' title='bbox 1040 4148 1077 4195; x_wconf 89' lang='lat' dir='ltr'><strong>ac</strong></span> <span class='ocrx_word' id='word_1_264' title='bbox 1097 4130 1325 4217; x_wconf 88' lang='lat' dir='ltr'><strong>possessiones,</strong></span> <span class='ocrx_word' id='word_1_265' title='bbox 1353 4151 1415 4217; x_wconf 89' lang='lat' dir='ltr'><strong>que</strong></span> <span class='ocrx_word' id='word_1_266' title='bbox 1437 4131 1487 4198; x_wconf 92' lang='lat' dir='ltr'><strong>lu·</strong></span> 
     </span>
     <span class='ocr_line' id='line_1_34' title="bbox 319 4242 1487 4335; baseline 0.002 -24"><span class='ocrx_word' id='word_1_267' title='bbox 319 4244 408 4311; x_wconf 90' lang='lat' dir='ltr'><strong>ditha</strong></span> <span class='ocrx_word' id='word_1_268' title='bbox 430 4243 590 4311; x_wconf 85' lang='lat' dir='ltr'><strong>abbatissa</strong></span> <span class='ocrx_word' id='word_1_269' title='bbox 612 4242 806 4312; x_wconf 88' lang='lat' dir='ltr'><strong>adiutoribus</strong></span> <span class='ocrx_word' id='word_1_270' title='bbox 829 4250 862 4312; x_wconf 95' lang='lat' dir='ltr'><strong>et</strong></span> <span class='ocrx_word' id='word_1_271' title='bbox 884 4244 1077 4313; x_wconf 86' lang='lat' dir='ltr'><strong>amatoribus</strong></span> <span class='ocrx_word' id='word_1_272' title='bbox 1092 4248 1158 4313; x_wconf 91' lang='lat' dir='ltr'><strong>suis</strong></span> <span class='ocrx_word' id='word_1_273' title='bbox 1172 4252 1245 4335; x_wconf 89' lang='lat' dir='ltr'><strong>post</strong></span> <span class='ocrx_word' id='word_1_274' title='bbox 1258 4246 1487 4334; x_wconf 84' lang='lat' dir='ltr'><strong>depositionem</strong></span> 
     </span>
    </p>

    <p class='ocr_par' dir='ltr' id='par_1_7' title="bbox 391 4384 589 4435">
     <span class='ocr_line' id='line_1_35' title="bbox 391 4384 589 4435; baseline 0 -2"><span class='ocrx_word' id='word_1_275' title='bbox 391 4398 413 4433; x_wconf 76' lang='lat' dir='ltr'><strong>a.</strong></span> <span class='ocrx_word' id='word_1_276' title='bbox 434 4384 553 4435; x_wconf 84' lang='lat' dir='ltr'><strong>habentem</strong></span> <span class='ocrx_word' id='word_1_277' title='bbox 569 4405 589 4433; x_wconf 83' lang='lat'><strong>0.</strong></span> 
     </span>
    </p>
   </div>
   <div class='ocr_carea' id='block_1_5' title="bbox 0 0 1567 4859">
    <p class='ocr_par' dir='ltr' id='par_1_8' title="bbox 0 0 1567 4859">
     <span class='ocr_line' id='line_1_36' title="bbox 0 0 1567 4859; baseline 0 0"><span class='ocrx_word' id='word_1_278' title='bbox 0 0 1567 4859; x_wconf 95' lang='lat' dir='ltr'><strong> </strong></span> 
     </span>
    </p>
   </div>
   <div class='ocr_carea' id='block_1_6' title="bbox 0 4318 2 4845">
    <p class='ocr_par' dir='ltr' id='par_1_9' title="bbox 0 4318 2 4845">
     <span class='ocr_line' id='line_1_37' title="bbox 0 4318 2 4845; baseline 0 0"><span class='ocrx_word' id='word_1_279' title='bbox 0 4318 2 4845; x_wconf 95' lang='lat' dir='ltr'><strong> </strong></span> 
     </span>
    </p>
   </div>
  </div>
 </body>
</html>
