3117 4859
334 193 400 261 336
665 212 815 263 wmsnm
834 213 1021 265 usnemun
1039 212 1093 263 mc
1110 213 1164 264 aar.

247 357 316 417 1149
333 354 397 423 tiae
419 352 557 441 consulo,
579 358 616 424 ut
637 354 706 424 sine
724 376 815 425 mora
826 355 959 425 Romam
972 357 1107 425 veniatis
1128 361 1171 442 ol,
1191 354 1333 425 medium
1347 376 1406 425 ros
1419 356 1494 426 inter

333 470 485 559 populum
499 477 532 541 et
545 492 662 561 papam
676 479 839 561 ponentes,
856 480 999 543 senatum
1014 479 1046 543 et
1059 474 1212 563 populum
1224 474 1261 544 in
1273 480 1385 543 reem
1396 472 1496 543 delen·

333 587 422 656 sione
439 590 634 677 suscipiatis3
658 591 806 677 qnoniam
828 591 991 659 castellum
1004 591 1114 661 Sancti
1128 591 1243 676 Angoli
1264 610 1342 659 cum
1353 589 1498 657 Romanis

334 705 479 793 poteritis
499 726 621 794 capere,
643 712 675 775 et
695 707 742 775 ita
761 708 874 795 lacere,
895 714 932 779 ut
950 709 1019 777 sine
1033 714 1140 778 restra
1159 708 1300 776 iussione
1314 727 1353 775 ac
1367 706 1498 794 disposi-

334 822 421 891 tione
441 842 602 911 nunquam
617 824 656 892 de
670 829 773 893 cetero
789 824 980 912 apostolicus
994 826 1029 893 in
1043 825 1128 895 Urba
1143 825 1315 894 ordinetur.
1351 823 1407 892 Sic
1420 824 1502 891 min

335 937 396 1007 luit
409 944 550 1029 tempore
564 940 649 1009 beati
663 938 818 1029 Gregorii,
834 943 889 1029 qui
908 943 977 1011 sine
997 964 1128 1011 assensu
1141 942 1345 1030 imperatoris
1359 939 1503 1009 Maurici

334 1074 420 1143 papa
442 1076 509 1125 esee
531 1058 686 1144 nequivit3
711 1062 743 1125 ct
756 1060 803 1127 sic
816 1080 917 1146 usque
937 1060 977 1127 ad
990 1065 1116 1147 tempus
1127 1058 1276 1145 Gregorii
1287 1059 1421 1146 septimi
1433 1077 1502 1144 per·

335 1172 470 1241 durarit
504 1172 637 1262 Propter
659 1174 693 1242 id
713 1176 792 1243 utile
812 1177 932 1244 iactum
954 1196 1023 1244 esse
1042 1175 1176 1263 affirmo,
1197 1197 1238 1244 ne
1252 1194 1311 1262 per
1325 1172 1504 1243 sacerdotes

334 1288 418 1359 bella
444 1288 523 1358 liant
551 1296 606 1359 aut
631 1291 801 1361 homicidia
826 1294 860 1362 in
891 1293 1018 1361 mundo.
1063 1292 1145 1361 Nam
1166 1313 1231 1360 non
1255 1290 1332 1359 licat
1352 1292 1402 1359 eis
1422 1290 1504 1357 ferre

334 1404 474 1491 gladium
496 1408 681 1494 occurren,
705 1415 754 1479 set
767 1410 940 1498 predicare,
963 1410 1210 1498 predicationem
1224 1429 1298 1476 rere
1314 1408 1409 1475 bonis
1431 1426 1505 1493 ope

334 1522 422 1593 ribus
444 1522 638 1611 confirmare,
661 1546 860 1615 nequaquam
881 1526 965 1596 bella
981 1533 1014 1595 et
1029 1526 1102 1596 lites
1115 1528 1151 1595 in
1163 1526 1281 1596 mundo
1295 1526 1504 1594 committere

338 1736 425 1807 217.
448 1741 608 1808 Couredca
622 1742 677 1809 ΠΙ
692 1766 749 1809 rec
771 1741 915 1832 Eupenio
930 1742 985 1809 III
995 1766 1105 1833 papae
1126 1742 1305 1809 Heicricum
1327 1743 1507 1829 episcopm

445 1856 708 1941 liestmonam,
721 1858 970 1951 Hierosolymam
985 1872 1114 1942 motem,
1130 1860 1329 1925 commendat.
1345 1854 1402 1937 (Μ.
1415 1854 1506 1935 215.)

169 1998 328 2055 rrae-1150
424 1988 637 2059 Dilectissimo
659 1992 694 2059 iu
711 1991 838 2060 Christo
860 1994 946 2082 patri
967 2013 1024 2063 suc
1038 1992 1180 2078 Eugenio
1202 1996 1331 2059 sauctae
1343 1990 1508 2057 Romanae

336 2105 504 2175 aecclesiae
537 2128 659 2176 summo
687 2108 829 2196 pontifici
857 2108 1046 2195 Olouradus)
1072 2109 1134 2177 Dei
1160 2110 1264 2194 gratia
1289 2107 1508 2175 Romanam

334 2244 392 2291 rex
407 2230 440 2292 et
454 2244 579 2312 semper
594 2230 744 2311 augustus
759 2224 905 2295 filialem·
920 2226 1120 2296 dilectionem
1133 2232 1167 2295 et
1179 2226 1319 2293 debitam
1333 2226 1367 2292 iu
1377 2222 1508 2290 Christo

334 2342 553 2409 reverentiam

424 2458 542 2527 Fidelis
556 2463 673 2544 noster,
689 2464 814 2527 restrae
829 2460 1007 2527 sanctitatis
1020 2456 1116 2544 iilius,
1129 2457 1368 2545 Ratisponensis
1383 2456 1509 2544 episco-

335 2595 396 2663 pus
405 2571 423 2661 ¹,
445 2573 520 2643 licet
540 2576 574 2641 in
597 2575 690 2643 rebus
713 2578 805 2661 regni
826 2577 927 2644 nostri
941 2575 1114 2664 plurimum
1127 2576 1219 2643 nobis
1234 2579 1406 2662 oportunus
1421 2579 1508 2643 esset

337 2697 370 2761 et
391 2692 588 2777 commodus,
617 2692 751 2761 detineri
773 2697 881 2760 tamen
902 2713 1101 2780 nequaquam
1123 2694 1243 2781 potuit,
1272 2692 1349 2778 quin
1369 2690 1410 2757 ob
1433 2688 1509 2759 fidei

337 2808 481 2877 ardorem
511 2813 543 2877 et
564 2809 706 2877 solvendi
727 2810 795 2877 voti
817 2809 1009 2877 desiderium
1030 2810 1090 2878 sul)
1110 2811 1200 2895 signo
1223 2806 1374 2876 crucifixi
1393 2806 1509 2879 Hiero

337 2925 482 2994 solimam
513 2924 665 2993 tenderet.
716 2924 832 3011 Quem,
866 2926 907 2992 ad
934 2932 1058 2993 restrae
1085 2926 1282 2994 celsitudinis
1314 2925 1508 3012 presentiam

337 3043 526 3128 venientem,
548 3061 606 3130 pro
629 3046 757 3109 nostrae
781 3041 957 3109 dilectionis
973 3043 1152 3111 interventu
1165 3048 1300 3130 paterna
1313 3040 1507 3126 benignitate

338 3160 516 3248 suscipietis
540 3163 581 3245 et,
605 3159 747 3226 adiutum
768 3159 804 3225 iu
824 3158 874 3225 his
897 3180 959 3246 que
979 3181 1037 3226 sua
1055 3160 1226 3227 necessitas
1240 3158 1420 3247 poposcerit
1442 3164 1507 3224 taur

338 3296 395 3364 per
423 3296 535 3343 manus
557 3281 682 3343 vestrae
710 3278 939 3362 protectionem
961 3297 1057 3362 quam
1082 3298 1142 3364 per
1167 3275 1309 3343 fidelium
1332 3280 1508 3344 vestrorum

338 3390 497 3478 suffragia,
520 3398 686 3478 vestraque
701 3393 919 3461 benedictione
935 3393 1126 3479 roboratum,
1148 3392 1283 3461 hilarem
1306 3393 1420 3459 adsui
1436 3410 1507 3479 pro-

338 3509 435 3597 positi
457 3509 720 3597 complementum
744 3509 920 3577 dimittetis.
954 3508 1102 3598 Implevit
1115 3511 1203 3578 enim
1216 3510 1428 3577 amaritudine
1442 3509 1506 3575 aui-

338 3646 425 3694 mam
454 3625 539 3693 illius
572 3627 721 3711 verbum,
756 3646 851 3714 super
885 3647 948 3712 quo
981 3631 1105 3695 vonas
1137 3628 1313 3695 sinceritati
1344 3632 1506 3715 suspectu

339 3740 467 3811 effectus
490 3747 547 3811 est.
588 3742 637 3810 De
660 3763 721 3829 quo
748 3763 807 3811 nos
830 3744 860 3810 ei
884 3745 1037 3811 veraciter
1057 3744 1276 3812 testimonium
1296 3744 1504 3831 perhibemur,

339 3859 423 3949 quod
444 3861 514 3948 ipse
536 3859 742 3927 christianum
765 3860 939 3929 exercitum
967 3880 1026 3928 nec
1047 3861 1226 3929 vendiderit
1245 3881 1305 3928 nec
1323 3860 1504 3948 prodiderit,

338 3998 397 4047 nec
418 3982 635 4045 sacrosanctae
657 3977 769 4045 matrm
791 3983 919 4046 nocuae
939 3976 1101 4046 &manae
1127 3977 1297 4047 aecclesiae
1323 3978 1505 4063 dgr-iason

338 4094 374 4163 in
395 4094 499 4182 aliquo
521 4094 724 4163 imminuerit

412 4225 432 4259 ι.
452 4214 556 4274 Sequitur
570 4226 619 4273 par,
635 4221 656 4258 d
669 4220 724 4273 poet
737 4224 779 4273 per
795 4214 871 4259 lisura

411 4290 436 4344 1.
455 4288 601 4346 Heinricus
618 4288 639 4359 l,
658 4289 855 4346 1132-1155.
