3117 4859
372 277 520 328 wmssnr
541 278 728 328 samsones
749 278 803 325 ser.
819 279 873 326 sos.
1140 265 1207 332 boo

42 421 106 486 siae
134 438 243 488 osusas
271 419 485 509 provehendas
513 420 698 506 assumatis,
726 426 758 488 et
787 421 826 488 de
853 421 1057 507 benignitatis
1083 431 1207 494 rosnae
1226 433 1295 490 1153

42 535 220 604 defensioue
241 536 322 604 filios
344 543 475 623 vestros,
499 539 554 624 qui
574 538 609 605 in
632 537 741 606 eodem
763 538 954 605 memorio
968 537 1036 606 Deo
1057 539 1206 627 militant,
1243 519 1278 554 ⁸⁸

41 650 211 738 letificetis,
243 654 326 741 quod
352 659 442 722 tanto
469 655 582 722 fortius
611 653 652 721 ad
680 652 825 722 effoetum
852 654 1024 741 perducere
1049 657 1206 743 poteritis,

41 772 155 854 quanto
185 769 291 838 verius
313 770 453 838 eiusdem
480 769 541 838 looi
569 771 713 838 miserias
741 768 867 838 oculata
891 767 954 837 fide
981 771 1205 859 perspexistis3

40 890 143 952 uester
165 889 271 954 autem
293 886 423 972 eollega,
446 885 591 954 dominus
612 886 760 954 videlieet
780 891 890 954 nostar
902 884 1083 956 Bernardus
1104 889 1207 955 eardi·

40 1000 128 1086 uelis,
152 1003 207 1087 qui
228 1003 263 1068 in
278 1001 460 1072 Gorbeiensi
481 1003 671 1070 monastmio
692 1003 836 1072 habitere
856 1001 1083 1092 aliquantisper
1096 1003 1206 1091 uoluit,

39 1117 163 1200 negotia
186 1117 326 1186 eiusdem
348 1118 470 1186 senobii
492 1119 706 1207 promovenda
726 1120 867 1207 resipere
893 1139 958 1187 non
979 1125 1118 1204 reeuset;
1147 1120 1207 1188 bae

40 1237 144 1300 tamen
166 1234 354 1321 interposite
380 1236 518 1321 ratione,
547 1242 598 1321 ut,
628 1236 710 1303 sieut
731 1257 832 1304 unum
859 1235 895 1303 in
921 1236 1079 1322 legatione
1099 1242 1207 1306 uestra

39 1349 217 1436 peragendo
231 1350 490 1420 indissolubiliter
509 1351 625 1437 fuistis,
648 1353 694 1418 ita
707 1371 806 1420 unum
820 1352 1084 1442 inoportunitate
1097 1359 1207 1423 nostra

38 1465 214 1535 adiuvanda
238 1469 402 1536 maneatis.

38 1731 123 1806 428.
143 1733 238 1823 Hespe
263 1736 301 1800 de
323 1735 445 1802 Booeio
474 1735 650 1803 We'boldom
670 1747 774 1824 φοραί,
803 1746 839 1800 at
864 1757 898 1802 se
919 1733 1081 1803 Friderico
1102 1736 1123 1803 I
1140 1741 1208 1826 rapi

144 1852 341 1918 commendet.
1044 1849 1099 1933 (bl.
1116 1852 1205 1936 396.)

121 1983 292 2068 W(ibaldo)
311 1983 372 2052 Dei
394 1985 497 2069 gratia
520 1983 699 2053 Stebulensi
722 1983 839 2070 abbati,
864 1983 1127 2054 excellentissimo
1150 1987 1205 2055 do·
1224 2001 1294 2057 1153

37 2103 119 2169 mino
141 2121 211 2186 suo,
234 2099 352 2185 Hulgo)
375 2101 415 2168 de
436 2097 571 2169 Bauoio¹
593 2107 625 2170 et
646 2101 759 2170 frenes
783 2097 868 2170 eius¹
889 2101 1033 2170 salutem.

121 2217 223 2298 Quem
239 2238 314 2302 erga
328 2218 497 2305 imperium
513 2217 646 2304 alongis
659 2225 744 2286 retro
755 2218 951 2306 temporibus
962 2224 1054 2305 pater
1064 2214 1207 2287 noster''

36 2334 141 2402 habuit
174 2333 335 2420 affectum,
364 2335 464 2421 ipsius
492 2330 670 2421 presentia⁴
693 2339 725 2401 et
749 2334 865 2402 littoris
895 2334 962 2401 eius
992 2334 1032 2400 ad
1053 2355 1110 2402 uos
1133 2357 1207 2424 sepe

37 2449 161 2518 direotis
184 2457 290 2518 vestra
304 2451 392 2517 novit
407 2451 569 2518 serenitas.
599 2449 669 2517 ¹Nos
686 2451 782 2517 etiam
801 2470 865 2517 non
883 2470 991 2516 sumus
1005 2450 1207 2519 immemores

36 2565 193 2652 beneficii,
223 2567 306 2654 quod
327 2567 419 2634 fratri
442 2572 550 2633 nostro
574 2565 776 2648 G(uilhelmo)
801 2571 832 2633 et
853 2587 912 2654 per
933 2565 1038 2652 ipsum
1059 2566 1151 2634 nobis
1173 2570 1207 2635 in

37 2685 121 2752 ouria
142 2683 345 2772 imperatoris
374 2683 515 2751 conferre
543 2681 717 2749 studuistis.
753 2681 815 2748 Pro
838 2703 900 2769 quo
922 2681 1011 2750 vobis
1037 2684 1154 2750 iterum
1176 2689 1208 2752 et

36 2800 148 2868 iterum
165 2799 389 2888 supplicantes,
412 2819 504 2867 omne
520 2799 693 2884 servitium,
717 2797 745 2864 si
758 2798 846 2866 loeus
862 2803 894 2865 et
907 2804 1032 2886 tempus
1047 2819 1081 2867 se
1096 2799 1206 2868 uobis*

37 2913 162 3002 oderat,
190 2915 406 2984 indubitanter
427 2916 517 2983 vobis
544 2915 768 3004 promittimus.
804 2913 977 3003 Propterea
998 2915 1112 2983 obnixe
1134 2938 1206 3005 pre-

36 3052 152 3119 camur,
169 3038 322 3120 quatenus
337 3054 395 3121 per
409 3033 604 3121 presentium
617 3031 750 3100 latorem
765 3031 875 3100 audire
890 3031 1072 3117 dignemini,
1088 3040 1207 3120 quanta

36 3149 116 3216 mala
145 3169 249 3217 eomes
271 3145 529 3217 Barcinonensis⁸
551 3148 642 3217 nobis
669 3149 803 3216 eontulit
829 3154 862 3216 et
883 3148 1025 3216 oonserre
1046 3149 1205 3237 moliatur,

37 3267 107 3350 quia
127 3264 238 3333 fideles
261 3266 334 3333 huie
356 3267 424 3352 regi
447 3288 515 3334 esse
538 3266 691 3333 volumus.
725 3264 840 3334 Preoes
863 3271 987 3332 nostras
1010 3271 1083 3333 ante
1105 3267 1205 3355 impe-

36 3386 171 3450 ratorem
200 3382 373 3466 admittite,
402 3387 434 3449 et
459 3403 517 3449 nos
540 3383 654 3450 uestris
682 3388 755 3449 ante
776 3381 884 3470 ipsum
910 3382 1047 3466 munits3
1076 3384 1206 3471 etquid

36 3495 162 3567 deeius
187 3495 341 3567 adsentu⁸
364 3519 491 3586 sperare
514 3497 693 3584 debeamus,
719 3520 777 3566 nos
800 3500 980 3567 eeroiorabe.
1015 3499 1094 3566 Tam
1115 3520 1204 3568 meus

36 3621 140 3684 uestra
163 3636 258 3702 quam
280 3615 363 3700 regis
386 3613 530 3682 voluutas
553 3615 671 3701 scripto
694 3620 799 3682 vestro
822 3615 913 3683 nobis
936 3615 1086 3700 signetur.

105 3775 125 3807 ι.
148 3759 176 3806 tl'r
192 3777 212 3805 c.
274 3757 296 3805 b.
316 3758 417 3805 vobisc.

104 3846 130 3900 1.
150 3843 180 3900 iu
197 3843 353 3900 Prodnda.
425 3845 451 3899 2.
470 3841 650 3911 Guilhelmus,
668 3841 847 3912 Bertrandus,
865 3841 1026 3898 deroortus.
1097 3841 1124 3896 3.
1141 3839 1203 3896 Bel·

37 3935 155 3990 mundus
178 3949 272 3990 eomes
293 3933 329 3989 de
348 3933 461 3989 Bsuoio.
531 3931 558 3987 4.
582 3931 765 3987 &inondum
790 3931 919 3987 oomltem
942 3930 979 3985 de
1000 3929 1105 3984 Bsuelo
1127 3928 1205 3986 dle

37 4021 157 4094 Augusti
176 4023 246 4078 1145
259 4021 435 4093 Wiroeburgi
451 4019 546 4091 fuisse,
564 4020 646 4077 dooet
663 4018 784 4076 Gonmdi
794 4019 836 4074 111
852 4018 948 4075 tubuls
960 4033 1005 4088 ap.
1017 4018 1113 4087 Papou
1130 4017 1202 4072 illst.

37 4109 71 4166 de
87 4113 170 4168 Prov.
183 4111 219 4167 11.
237 4126 333 4182 preuv.
352 4127 379 4180 p.
393 4110 435 4165 14.
497 4111 524 4166 b.
543 4107 713 4167 Reimundus
730 4107 916 4179 Berengarius
932 4105 981 4162 IV.
1046 4107 1073 4162 6.
1091 4106 1120 4161 in
1138 4105 1203 4161 Pro

37 4199 163 4258 vinolam.
