3117 4859
459 300 608 349 wmuumu
629 298 796 349 urrunnun
816 299 855 347 ss
1181 283 1245 352 115

68 438 105 505 in
126 436 311 509 (lorbeisnsi
332 440 523 509 monasterio
546 442 614 511 Deo
635 441 786 527 militent,
808 441 956 510 desuem
978 440 1190 511 obedientium
1212 448 1246 511 et
1263 449 1333 505 114⁷

69 556 203 641 origum
226 558 384 627 orsfiones
407 558 441 626 in
463 558 609 627 Domino.
1269 524 1325 583 ΑΠ’

161 672 331 741 Ssnetitnti
352 680 457 743 vestre
479 676 687 761 suggerimus,
710 675 796 763 quod
816 680 891 764 post
904 676 1134 763 depositionem
1148 674 1245 743 Hein-

69 790 130 857 riei
153 790 311 877 quondum
335 791 458 860 sbbstis
479 793 591 878 nostri,
614 794 670 879 qui
691 793 712 861 t
730 792 905 862 venerabili
925 792 1030 877 leguto
1044 798 1160 877 uestro,
1183 792 1245 859 sei-

68 904 147 975 lieet
174 908 485 993 mgistrorum,
512 928 571 997 pro
600 909 776 977 manifestis
806 908 907 997 eulpis
934 909 1000 977 suis
1022 912 1055 975 et
1075 908 1245 976 oonfessis·

69 1024 222 1092 osnonios
244 1024 286 1091 ad
307 1024 405 1093 totius
426 1026 615 1095 monasterii·
631 1025 750 1094 neutrib
773 1026 918 1112 euntem,
941 1024 1026 1113 qnod
1046 1026 1116 1113 ipse
1137 1024 1245 1093 multis

70 1140 175 1209 modis
198 1142 360 1227 imment,
389 1142 559 1211 uerutus
582 1148 645 1228 est,
668 1144 872 1212 convenimus
893 1144 929 1211 in
950 1162 1120 1231 personum
1140 1142 1245 1209 onius-

71 1257 148 1325 dsm
173 1257 284 1325 lusum
312 1260 414 1327 nostri
436 1259 604 1345 nuntior,
633 1260 688 1346 qui
710 1258 849 1328 officinm
870 1260 1089 1348 prepositurae
1111 1259 1246 1327 ndmini·

72 1375 211 1460 maun,
241 1380 274 1443 et
296 1374 446 1461 elegimus
469 1396 556 1461 enm,
580 1375 767 1463 quibusdem
790 1377 848 1445 sle⁴¹
869 1377 1021 1445 fratibus
1042 1377 1161 1443 nostris
1182 1395 1247 1442 non

72 1491 317 1561 assentientibus
340 1499 372 1561 et
392 1492 500 1560 multis
523 1512 563 1559 ex
584 1491 665 1559 luieo
688 1494 798 1561 ordine
819 1492 1074 1578 redamantibus,
1097 1493 1152 1579 qui
1172 1513 1246 1580 per·

72 1607 158 1677 tibus
187 1607 323 1697 depositi
348 1608 434 1677 illius
462 1609 651 1697 pertinatius
678 1610 839 1679 iuuerunt
877 1610 939 1689 Qui
965 1615 1039 1698 post
1060 1629 1152 1677 suum
1172 1630 1247 1697 pro-

72 1724 248 1793 motionem
273 1726 383 1812 penus
409 1725 571 1795 mensibus
595 1726 723 1811 vivens,
751 1727 820 1793 vite
845 1726 981 1795 decessit
1002 1732 1035 1793 et
1056 1746 1114 1793 nos
1135 1725 1247 1813 plenos

74 1860 198 1909 merore
227 1860 265 1909 so
286 1841 511 1928 sollieitudine,
538 1862 603 1910 non
625 1844 694 1910 sine
716 1842 823 1929 ulique
844 1842 1002 1910 discordis
1021 1841 1159 1929 reliquit.
1204 1841 1249 1909 Et

76 1958 226 2044 quonism
252 1978 311 2045 per
339 1959 488 2028 abbatum
515 1963 697 2026 nostrorum
723 1958 948 2044 negligentium
974 1980 1034 2046 per
1061 1958 1247 2026 annosiore

76 2074 306 2161 qninquaginta
332 2094 383 2143 res
410 2075 596 2143 monasterii
617 2076 719 2143 nostri
741 2081 774 2143 et
796 2076 934 2161 dignitus
955 2081 1023 2143 tum
1042 2076 1129 2143 intus
1151 2096 1247 2162 quum

77 2190 152 2259 loris
179 2190 267 2259 ultre
293 2212 388 2277 quum
415 2192 502 2260 eredi
527 2192 630 2280 possit
656 2192 833 2260 mminntne
861 2198 936 2261 sunt
964 2198 998 2261 et
1028 2212 1088 2260 nos
1119 2192 1247 2279 penitus

77 2308 247 2377 eoneordes
273 2328 338 2377 non
365 2328 506 2393 eremus,
533 2307 622 2375 nulls
649 2313 726 2377 tuno
752 2309 788 2375 in
809 2309 962 2377 aeeclesia
982 2314 1092 2377 nostru
1112 2327 1249 2396 persone

79 2422 215 2493 inveniri
237 2426 351 2511 potuit,
375 2445 455 2511 quse
476 2424 620 2493 suffioere
641 2430 751 2513 posset
772 2426 814 2493 so
835 2425 1010 2511 alligondns
1026 2420 1249 2493 enutritiones¹

79 2546 214 2625 nostrus,
238 2545 270 2609 et
291 2547 343 2608 ut·
363 2538 422 2607 filii
436 2540 497 2609 Dei
519 2546 552 2609 et
573 2541 741 2609 useelesiue
764 2546 902 2627 nostroe,
925 2543 981 2627 qni
995 2542 1133 2628 dispersi
1146 2545 1247 2626 erunt,

80 2662 344 2742 eongregsrentnr
370 2657 406 2724 in
432 2651 556 2725 unum'.
602 2658 661 2727 His
688 2658 930 2727 neeesutntibus
950 2658 1075 2743 west,
1102 2658 1249 2725 inruente

81 2776 180 2841 emoti
201 2773 338 2861 Spiritus
360 2774 464 2858 grstia
485 2779 518 2841 et
539 2774 679 2844 adhibito
701 2775 921 2861 religiosorum
942 2779 975 2841 et
995 2774 1187 2861 sapientium
1200 2773 1248 2839 ui·

81 2909 187 2957 rorum
209 2890 351 2975 oonsilio,
373 2890 532 2957 eommuni
554 2892 695 2959 omnium
716 2891 872 2959 desiderio
894 2892 964 2957 sine
984 2889 1080 2957 ullius
1094 2908 1248 2976 personne

83 3024 214 3091 mugnus
237 3006 287 3074 vel
308 3026 425 3093 puruue
447 3007 703 3093 oontrudietione,
726 3009 824 3075 immo
846 3006 1028 3075 fsuornbili‘
1042 3006 1184 3073 omnium
1197 3024 1247 3071 es·

83 3142 185 3209 semu,
207 3127 355 3211 presente
377 3128 410 3190 et
431 3122 612 3192 eonsulente
634 3124 724 3193 uobis
747 3126 783 3191 in
804 3124 839 3191 id
860 3124 968 3214 ipsum
987 3122 1161 3191 venerabili
1181 3119 1247 3187 lilio

83 3244 186 3307 uestro
207 3238 415 3323 Btemhurdo)
435 3237 722 3309 Potherbrunnensi
745 3234 920 3327 episeopo,
943 3239 1094 3324 elegimus
1107 3237 1199 3305 nobis
1213 3236 1248 3303 in

83 3355 218 3443 ospitulo
241 3360 349 3423 nostro
369 3354 519 3423 Gorbeise
539 3356 574 3423 in
595 3362 719 3444 putrem
741 3362 774 3423 et
794 3360 973 3445 pestorem⁸
993 3356 1170 3423 animem
1191 3372 1249 3419 no-

13 3494 16 3569 t
85 3476 230 3557 murum,
251 3473 286 3538 in
307 3470 452 3539 abbatem
474 3470 594 3539 scilieet
608 3477 640 3541 et
654 3472 817 3539 dominum
831 3470 1005 3556 nostrnml,
1029 3469 1249 3537 Stobnlensem

14 3580 17 3619 ἶ
86 3587 228 3657 ubuum
249 3586 398 3656 domnum
411 3586 611 3673 wiboldum,
635 3588 723 3657 ouius
744 3587 897 3672 religione
918 3592 952 3655 et
970 3584 1158 3673 prudentis*
1171 3583 1248 3649 Cor·

85 3702 207 3773 soemo
228 3705 453 3771 monesterium
475 3704 515 3773 nd
535 3704 706 3792 pristinum
729 3724 805 3771 sune
827 3703 990 3787 diguitatis
1012 3706 1132 3769 stetim
1150 3696 1248 3764 reler-

86 3822 162 3887 mnri
194 3820 305 3907 possit
350 3819 439 3900 Quod
472 3840 543 3887 oum
572 3821 676 3888 faeere
706 3825 739 3887 et
767 3818 914 3887 electioni
939 3821 1067 3885 nostrae
1095 3810 1249 3881 wsenfiro

86 3935 189 4003 multis
218 3936 328 4004 diebus
349 3937 505 4005 renuisset
527 3942 560 4005 et
580 3957 638 4024 per
659 3940 785 4005 nostros
806 3933 926 4019 legatos
949 3930 1091 4001 nbsunli
1112 3926 1154 3993 nd
1174 3942 1248 3991 oon-

155 4154 175 4188 ι
191 4142 216 4188 el
231 4140 427 4188 walensium.
472 4140 664 4189 b.noulrlom.2.
711 4138 927 4187 silentium.
974 4132 1074 4181 dexi.
1121 4141 1141 4172 ο.
1151 4125 1218 4184 prout
1227 4124 1249 4169 1·

88 4216 212 4267 ilsunrnli
234 4221 257 4267 1.
324 4216 899 4281 gnostrolnpstremetpntoruntlorbeise
921 4217 943 4263 1.
1010 4202 1250 4256 musmo-A.

90 4297 257 4347 ivusbolslum
272 4302 294 4347 2.
355 4298 524 4361 hrsliginnem
539 4302 564 4348 ot
577 4300 721 4361 prudentium
736 4301 759 4347 1.

156 4414 182 4467 1.
205 4410 248 4469 or.
265 4412 311 4467 es.
325 4412 421 4482 14s,s.
492 4416 518 4471 2.
541 4412 601 4470 Ioh.
613 4412 656 4482 11,
668 4410 712 4467 ss.
784 4409 810 4464 e.
830 4399 1038 4549 nes-usp
