3117 4859
306 172 350 241 33
712 186 1065 238 murmurosum

236 338 288 395 836
305 331 395 401 deret
415 352 493 421 praa
514 330 639 416 6666116,
662 333 718 398 666
735 330 805 416 quis
820 350 885 398 non
898 329 1055 397 exultaret
1067 349 1140 418 pre.
1141 334 1209 397 tam
1222 329 1354 398 61666666
1368 348 1471 398 66666·

225 414 423 538 Iamopticnis
452 447 602 515 occursu?
639 446 731 514 Tales
754 446 840 514 enim
862 450 894 513 et
915 450 1020 513 666666
1042 448 1172 513 comites
1192 446 1360 531 habentes,
1388 446 1471 534 apud

306 564 415 633 villam
435 563 631 653 praedictam
652 568 777 631 noctem
791 582 888 629 unam
903 563 1096 648 quieverunt
1131 563 1239 650 Ibique
1254 564 1383 656 quidam
1398 563 1471 631 adc-
1547 563 1548 636 J

198 662 203 679 ’
304 680 424 749 1666666
447 700 519 748 cum
540 684 642 747 matre
664 679 818 764 interfuit,
840 678 896 765 qni
916 678 1053 747 habebat
1072 700 1201 747 manum
1220 680 1342 747 aridum
1357 680 1471 746 anati·

305 798 416 881 vitate;
451 797 637 883 statimque·
664 802 702 863 ut
734 796 839 882 coepit
864 794 1034 882 implorare
1060 796 1291 884 omnipotentis
1320 796 1471 863 auxilium

305 920 337 981 66
359 914 460 980 666661
480 914 629 1000 martyris
653 912 838 997 subsidium,
860 911 1007 979 manum'
1027 933 1137 979 sanam
1155 912 1266 980 habuit
1278 917 1315 979 ut
1329 912 1469 981 61666666.

304 1029 341 1096 16
362 1030 433 1117 ipsc
456 1028 552 1096 etiam
573 1029 641 1097 loce
664 1033 810 1117 repertus
832 1029 1040 1114 estquidam,
1067 1030 1118 1096 cui
1139 1029 1241 1095 emnia
1262 1034 1403 1117 potestas
1425 1029 1471 1097 lc-

304 1146 421 1232 quendi
443 1144 549 1214 ablata
564 1152 625 1229 est3
650 1146 704 1231 qui
718 1150 841 1213 tantam
855 1145 1024 1213 sanitatem
1039 1143 1170 1233 adeptus
1185 1150 1244 1231 est,
1265 1150 1302 1213 66
1315 1146 1355 1213 66
1370 1145 1471 1213 emni-

303 1262 362 1330 bus
396 1262 451 1347 qui
482 1261 613 1328 aderant
646 1262 841 1329 6666661666θ
870 1262 1032 1329 audiretur
1057 1282 1205 1330 resonare
1232 1262 1338 1330 verba.
1428 1262 1473 1329 Et

302 1378 444 1445 mulieris
473 1376 635 1444 6616661666
663 1376 801 1445 debiles⁴
822 1377 920 1465 pedes
945 1378 1019 1465 ipsa
1043 1384 1136 1445 uecta
1161 1377 1299 1446 naturali
1322 1378 1396 1445 usui
1421 1364 1497 1447 re-¹

304 1494 407 1562 stituti
430 1498 512 1560 6666

391 1608 591 1677 Praedictum
612 1609 740 1677 66661666
762 1608 872 1677 villam
893 1608 1116 1696 relinquentes,
1138 1614 1292 1677 veuermt
1313 1609 1355 1676 ad
1375 1608 1472 1677 uliam

192 1813 195 1821 f
225 1772 244 1791 .
303 1725 354 1793 661
376 1746 491 1794 neman
519 1732 567 1793 est
587 1722 743 1812 Bracal'¹,
773 1727 829 1794 ubi
855 1726 1025 1793 multitude
1052 1746 1167 1812 magna
1187 1724 1297 1813 pepuli
1320 1725 1471 1793 advenit‘.

303 1841 413 1909 Plures
436 1842 534 1910 etiam
555 1844 686 1910 aderant
708 1842 827 1910 debiles
849 1847 882 1909 et
902 1840 1030 1927 infirmi,
1053 1843 1108 1928 qui
1129 1842 1235 1929 cupidi
1257 1847 1349 1911 erunt
1368 1843 1409 1911 ab
1422 1843 1473 1909 in·

303 1956 490 2026 firmitatum
511 1959 644 2026 vinculis
668 1959 757 2027 solvi.
804 1958 890 2025 Inter
912 1979 990 2044 ques
1012 1977 1083 2024 cum
1106 1957 1260 2044 quaedam
1279 1958 1395 2027 mulier
1416 1960 1473 2026 ad-

304 2075 456 2161 venisset,
486 2096 566 2161 qnae
593 2074 729 2143 habebat
757 2076 922 2143 dexterum
949 2074 1112 2142 brachium
1137 2076 1184 2142 ita
1210 2080 1407 2142 contractum
1432 2074 1473 2145 ab

305 2191 395 2259 anuis
418 2195 516 2275 ccta‘,
545 2196 581 2258 66
602 2212 661 2258 nec
683 2212 718 2258 66
740 2212 800 2260 666
821 2196 917 2278 caput
937 2195 1045 2278 posset
1066 2190 1220 2275 attingere
1241 2211 1300 2257 666
1320 2190 1378 2257 6111
1399 2192 1472 2259 6661

304 2307 431 2395 aptum'¹
455 2312 548 2393 esset,
571 2312 740 2394 antequem
763 2308 804 2375 ad
818 2308 971 2375 feretrum
985 2306 1176 2392 66666616666,
1199 2307 1473 2395 coeperuntnervi

303 2423 457 2511 paulatim
477 2423 615 2490 relaxari
629 2430 661 2491 66
676 2444 784 2509 venae,
807 2444 887 2509 quae
900 2423 1026 2490 inerant
1040 2424 1156 2509 aridae,
1179 2424 1331 2509 sanguine
1344 2424 1471 2512 repleri,

305 2540 565 2625 cernentibusque
593 2539 747 2627 pluribus¹
776 2539 1035 2607 6666616661166Ι
1057 2560 1170 2607 sanum
1196 2541 1314 2607 iactum
1343 2545 1408 2626 est,
1435 2546 1473 2607 66

303 2655 425 2723 nullum
455 2657 646 2723 curvationis
674 2657 800 2741 signum
826 2656 861 2722 in
889 2677 925 2723 ee
954 2662 1130 2744 appareret
1175 2656 1244 2735 Qua
1269 2657 1309 2724 de
1335 2677 1371 2723 re
1399 2677 1472 2724 cum

305 2773 494 2858 dubitarent,
517 2777 613 2840 testes
636 2773 732 2840 etiam
753 2778 986 2859 quaererentur,
1008 2772 1129 2841 inventi
1143 2777 1219 2839 6666
1230 2772 1361 2859 plurimi
1373 2774 1472 2841 ricini

305 2895 337 2958 66
364 2891 504 2975 cognati3
533 2888 661 2956 domina
688 2889 785 2956 etiam
811 2890 938 2977 ipsius-¹
959 2888 1100 2957 mulieris
1129 2887 1219 2955 611616
1243 2889 1279 2955 16
1299 2889 1369 2976 ipae
1390 2889 1470 2957 1666.

304 3006 438 3094 Ipsaque
459 3008 551 3073 66666
574 3006 688 3072 661616ΙΙ
712 3010 820 3073 curata
841 3012 890 3073 666
911 3004 975 3072 aliu
994 3005 1117 3090 mulier,
1140 3025 1221 3092 quae
1242 3006 1319 3073 adec
1334 3011 1403 3073 erat
1416 3005 1471 3073 ds-

303 3122 429 3190 bilitata
456 3122 521 3189 ianr
544 3122 634 3188 annis
657 3121 780 3207 decem,
808 3126 861 3208 nt,
889 3122 1063 3208 siquando
1085 3122 1124 3189 de
1145 3121 1214 3189 lece
1236 3122 1277 3189 ad
1297 3121 1402 3189 lecum
1423 3123 1471 3191 ire

304 3238 408 3323 vellet,
432 3242 486 3304 aut
507 3237 646 3305 iumento
668 3237 835 3305 veheretur
857 3244 913 3305 aut
932 3238 1077 3304 manibus
1099 3258 1192 3305 versa
1212 3238 1282 3306 rice
1302 3259 1361 3326 pre
1381 3240 1471 3327 pedi·

303 3355 362 3422 bns
385 3358 541 3437 uteretur3
565 3373 660 3439 quae,
684 3354 765 3421 sicut
788 3354 908 3421 dictum
930 3360 1001 3439 est,
1017 3354 1200 3441 durabatur,
1222 3360 1260 3422 ut
1281 3355 1469 3436 adminiculo

305 3470 434 3537 alterius
461 3470 495 3535 in
523 3470 710 3538 ambulando
739 3491 804 3538 666
824 3471 989 3555 indigeret.
1078 3470 1188 3539 Puella
1209 3471 1304 3539 etiam
1326 3473 1469 3560 parvula,

305 3586 510 3655 auatiritate
537 3587 655 3655 habeus
683 3608 813 3655 manum
841 3586 963 3653 aridam
991 3590 1025 3654 et
1045 3592 1252 3673 contractam,
1279 3595 1390 3657 curata
1411 3594 1468 3658 666.

303 3702 347 3771 Ε6
368 3709 456 3770 muto
478 3704 602 3771 cuidam
623 3702 748 3789 loquela
769 3703 917 3769 restituta
939 3707 996 3769 666

392 3820 551 3887 Hactenus
574 3840 653 3905 quae
675 3822 845 3885 narrantur
867 3822 899 3884 et
921 3817 984 3885 6116
998 3838 1093 3905 quam
1106 3818 1253 3906 plurima,
1277 3840 1356 3907 quae
1371 3820 1468 3889 cculis

303 3938 522 4024 perspeximus
546 3940 578 4002 et
598 3934 739 4022 probatis
761 3934 893 4001 testibus
917 3932 1144 4003 affirmantibus
1158 3936 1389 4023 requisivimus,
1412 3958 1470 4024 per

374 4066 394 4099 a
411 4051 491 4099 Statim
508 4054 530 4099 3.
577 4050 600 4096 b.
615 4062 706 4095 manum
722 4066 765 4096 ear.
776 4050 798 4095 3.
845 4063 864 4097 c
880 4051 1008 4097 rectissima
1022 4052 1044 4097 3.
1092 4051 1115 4097 d.
1131 4051 1213 4099 debilis
1230 4055 1251 4099 1.
1300 4053 1468 4101 6116666613.

304 4130 435 4179 66166666
450 4133 486 4178 666
501 4132 523 4177 3.
569 4142 590 4187 g.
607 4141 688 4175 neven
703 4131 725 4176 3.
771 4128 796 4176 lu
811 4130 865 4189 apta
877 4131 899 4176 3.
946 4130 961 4176 i.
977 4130 1121 4179 cernentibus
1131 4131 1234 4192 plurimis
1246 4134 1267 4181 3.
1312 4131 1468 4181 6666661661

305 4212 395 4259 addidi.
443 4210 460 4257 l.
475 4222 534 4268 genu
549 4208 617 4255 addit
634 4208 655 4254 1.
701 4222 732 4255 m.
747 4208 809 4256 111166
825 4212 848 4256 3.
893 4224 917 4256 6.
933 4210 1001 4257 ctiam
1016 4212 1093 4259 οι3.

375 4296 401 4351 1.
424 4294 525 4350 Brakel
541 4310 559 4350 a
576 4292 752 4351 Paderboma
768 4294 804 4353 ud
822 4296 963 4353 orientem.
