<?xml version="1.0" encoding="UTF-8"?>
<!DOCTYPE html PUBLIC "-//W3C//DTD XHTML 1.0 Transitional//EN"
    "http://www.w3.org/TR/xhtml1/DTD/xhtml1-transitional.dtd">
<html xmlns="http://www.w3.org/1999/xhtml" xml:lang="en" lang="en">
 <head>
  <title>
</title>
<meta http-equiv="Content-Type" content="text/html;charset=utf-8" />
  <meta name='ocr-system' content='tesseract 3.04.00' />
  <meta name='ocr-capabilities' content='ocr_page ocr_carea ocr_par ocr_line ocrx_word'/>
</head>
<body>
  <div class='ocr_page' id='page_1' title='image "./bibliothecareru05jaffgoog_0207.png"; bbox 0 0 3117 4859; ppageno 0'>
   <div class='ocr_carea' id='block_1_1' title="bbox 455 276 1247 343">
    <p class='ocr_par' dir='ltr' id='par_1_1' title="bbox 455 276 1247 343">
     <span class='ocr_line' id='line_1_1' title="bbox 455 276 1247 343; baseline 0.004 -4"><span class='ocrx_word' id='word_1_1' title='bbox 455 290 604 339; x_wconf 78' lang='lat' dir='ltr'><strong>uranum</strong></span> <span class='ocrx_word' id='word_1_2' title='bbox 624 289 790 339; x_wconf 70' lang='lat' dir='ltr'><strong>urrerem</strong></span> <span class='ocrx_word' id='word_1_3' title='bbox 812 290 864 337; x_wconf 81' lang='lat' dir='ltr'><strong>rae</strong></span> <span class='ocrx_word' id='word_1_4' title='bbox 1184 276 1247 343; x_wconf 76' lang='lat'><strong>201</strong></span> 
     </span>
    </p>
   </div>
   <div class='ocr_carea' id='block_1_2' title="bbox 71 432 1341 4031">
    <p class='ocr_par' dir='ltr' id='par_1_2' title="bbox 71 432 1341 4031">
     <span class='ocr_line' id='line_1_2' title="bbox 82 432 1339 520; baseline -0.003 -19"><span class='ocrx_word' id='word_1_5' title='bbox 82 432 196 501; x_wconf 86' lang='lat' dir='ltr'><strong>mulam</strong></span> <span class='ocrx_word' id='word_1_6' title='bbox 212 434 298 501; x_wconf 88' lang='lat' dir='ltr'><strong>inter</strong></span> <span class='ocrx_word' id='word_1_7' title='bbox 314 432 501 501; x_wconf 75' lang='lat' dir='ltr'><strong>stabulense</strong></span> <span class='ocrx_word' id='word_1_8' title='bbox 520 439 552 500; x_wconf 93' lang='lat' dir='ltr'><strong>et</strong></span> <span class='ocrx_word' id='word_1_9' title='bbox 567 433 755 501; x_wconf 84' lang='lat' dir='ltr'><strong>Corbeicnse</strong></span> <span class='ocrx_word' id='word_1_10' title='bbox 772 432 1010 518; x_wconf 86' lang='lat' dir='ltr'><strong>monasterium,</strong></span> <span class='ocrx_word' id='word_1_11' title='bbox 1027 433 1078 499; x_wconf 80' lang='lat' dir='ltr'><strong>vel</strong></span> <span class='ocrx_word' id='word_1_12' title='bbox 1095 434 1180 520; x_wconf 91' lang='lat' dir='ltr'><strong>apud</strong></span> <span class='ocrx_word' id='word_1_13' title='bbox 1194 455 1250 503; x_wconf 87' lang='lat' dir='ltr'><strong>vos</strong></span> <span class='ocrx_word' id='word_1_14' title='bbox 1270 441 1339 498; x_wconf 78' lang='lat'>1148</span> 
     </span>
     <span class='ocr_line' id='line_1_3' title="bbox 81 516 1330 638; baseline 0.002 -21"><span class='ocrx_word' id='word_1_15' title='bbox 81 550 197 617; x_wconf 87' lang='lat' dir='ltr'><strong>licitam</strong></span> <span class='ocrx_word' id='word_1_16' title='bbox 221 556 254 617; x_wconf 92' lang='lat' dir='ltr'><strong>et</strong></span> <span class='ocrx_word' id='word_1_17' title='bbox 275 555 377 617; x_wconf 85' lang='lat' dir='ltr'><strong>tutam</strong></span> <span class='ocrx_word' id='word_1_18' title='bbox 397 551 593 619; x_wconf 79' lang='lat' dir='ltr'><strong>mansionem</strong></span> <span class='ocrx_word' id='word_1_19' title='bbox 607 551 723 619; x_wconf 88' lang='lat' dir='ltr'><strong>habere</strong></span> <span class='ocrx_word' id='word_1_20' title='bbox 738 549 789 617; x_wconf 83' lang='lat' dir='ltr'><strong>rel</strong></span> <span class='ocrx_word' id='word_1_21' title='bbox 805 572 863 638; x_wconf 90' lang='lat' dir='ltr'><strong>per</strong></span> <span class='ocrx_word' id='word_1_22' title='bbox 877 550 1111 618; x_wconf 71' lang='lat' dir='ltr'><strong>intercessionis</strong></span> <span class='ocrx_word' id='word_1_23' title='bbox 1126 557 1250 619; x_wconf 83' lang='lat' dir='ltr'><strong>vestrae</strong></span> <span class='ocrx_word' id='word_1_24' title='bbox 1280 516 1330 563; x_wconf 35' lang='grc' dir='ltr'><strong>θοι</strong></span> 
     </span>
     <span class='ocr_line' id='line_1_4' title="bbox 80 653 1301 754; baseline 0.001 -19"><span class='ocrx_word' id='word_1_25' title='bbox 80 668 213 753; x_wconf 68' lang='lat' dir='ltr'><strong>neriam</strong></span> <span class='ocrx_word' id='word_1_26' title='bbox 236 688 415 751; x_wconf 83' lang='lat' dir='ltr'><strong>regressum</strong></span> <span class='ocrx_word' id='word_1_27' title='bbox 438 668 479 735; x_wconf 86' lang='lat' dir='ltr'><strong>ad</strong></span> <span class='ocrx_word' id='word_1_28' title='bbox 501 688 573 735; x_wconf 90' lang='lat' dir='ltr'><strong>suos</strong></span> <span class='ocrx_word' id='word_1_29' title='bbox 590 667 704 735; x_wconf 85' lang='lat' dir='ltr'><strong>fratres</strong></span> <span class='ocrx_word' id='word_1_30' title='bbox 720 668 861 735; x_wconf 89' lang='lat' dir='ltr'><strong>obtinere</strong></span> <span class='ocrx_word' id='word_1_31' title='bbox 884 688 919 734; x_wconf 89' lang='lat' dir='ltr'><strong>se</strong></span> <span class='ocrx_word' id='word_1_32' title='bbox 940 688 1034 754; x_wconf 90' lang='lat' dir='ltr'><strong>posse</strong></span> <span class='ocrx_word' id='word_1_33' title='bbox 1056 668 1249 736; x_wconf 83' lang='lat' dir='ltr'><strong>existimant</strong></span> <span class='ocrx_word' id='word_1_34' title='bbox 1299 653 1301 656; x_wconf 33' lang='lat'>⁵</span> 
     </span>
     <span class='ocr_line' id='line_1_5' title="bbox 163 782 1250 872; baseline 0.002 -21"><span class='ocrx_word' id='word_1_35' title='bbox 163 782 308 868; x_wconf 76' lang='lat' dir='ltr'><strong>Longam</strong></span> <span class='ocrx_word' id='word_1_36' title='bbox 335 786 441 871; x_wconf 82' lang='lat' dir='ltr'><strong>itaque</strong></span> <span class='ocrx_word' id='word_1_37' title='bbox 472 786 604 853; x_wconf 87' lang='lat' dir='ltr'><strong>actionis</strong></span> <span class='ocrx_word' id='word_1_38' title='bbox 631 785 746 853; x_wconf 88' lang='lat' dir='ltr'><strong>scriem</strong></span> <span class='ocrx_word' id='word_1_39' title='bbox 776 784 999 872; x_wconf 89' lang='lat' dir='ltr'><strong>compendiosa</strong></span> <span class='ocrx_word' id='word_1_40' title='bbox 1025 784 1114 852; x_wconf 88' lang='lat' dir='ltr'><strong>vobis</strong></span> <span class='ocrx_word' id='word_1_41' title='bbox 1140 806 1250 853; x_wconf 89' lang='lat' dir='ltr'><strong>narra-</strong></span> 
     </span>
     <span class='ocr_line' id='line_1_6' title="bbox 77 900 1341 988; baseline -0.002 -21"><span class='ocrx_word' id='word_1_42' title='bbox 77 902 161 968; x_wconf 90' lang='lat' dir='ltr'><strong>tione</strong></span> <span class='ocrx_word' id='word_1_43' title='bbox 189 901 374 988; x_wconf 87' lang='lat' dir='ltr'><strong>pandemus.</strong></span> <span class='ocrx_word' id='word_1_44' title='bbox 427 900 506 969; x_wconf 83' lang='lat' dir='ltr'><strong>Cum</strong></span> <span class='ocrx_word' id='word_1_45' title='bbox 542 902 757 970; x_wconf 87' lang='lat' dir='ltr'><strong>anniversaria</strong></span> <span class='ocrx_word' id='word_1_46' title='bbox 790 902 857 968; x_wconf 90' lang='lat' dir='ltr'><strong>dies</strong></span> <span class='ocrx_word' id='word_1_47' title='bbox 888 901 991 967; x_wconf 91' lang='lat' dir='ltr'><strong>obitus</strong></span> <span class='ocrx_word' id='word_1_48' title='bbox 1020 902 1250 987; x_wconf 76' lang='lat' dir='ltr'><strong>predecessoris</strong></span> <span class='ocrx_word' id='word_1_49' title='bbox 1268 916 1341 965; x_wconf 73' lang='lat' dir='ltr'><strong>cao</strong></span> 
     </span>
     <span class='ocr_line' id='line_1_7' title="bbox 75 1015 1250 1087; baseline 0.002 -2"><span class='ocrx_word' id='word_1_50' title='bbox 75 1018 178 1085; x_wconf 71' lang='lat' dir='ltr'><strong>neoni</strong></span> <span class='ocrx_word' id='word_1_51' title='bbox 206 1018 328 1085; x_wconf 89' lang='lat' dir='ltr'><strong>abbatis</strong></span> <span class='ocrx_word' id='word_1_52' title='bbox 351 1015 511 1085; x_wconf 89' lang='lat' dir='ltr'><strong>Heinrici¹</strong></span> <span class='ocrx_word' id='word_1_53' title='bbox 533 1040 552 1085; x_wconf 86' lang='lat' dir='ltr'><strong>a</strong></span> <span class='ocrx_word' id='word_1_54' title='bbox 573 1018 664 1085; x_wconf 89' lang='lat' dir='ltr'><strong>nobis</strong></span> <span class='ocrx_word' id='word_1_55' title='bbox 688 1017 838 1085; x_wconf 83' lang='lat' dir='ltr'><strong>Gorbeiae</strong></span> <span class='ocrx_word' id='word_1_56' title='bbox 865 1017 1036 1085; x_wconf 89' lang='lat' dir='ltr'><strong>christiano</strong></span> <span class='ocrx_word' id='word_1_57' title='bbox 1059 1039 1147 1087; x_wconf 91' lang='lat' dir='ltr'><strong>more</strong></span> <span class='ocrx_word' id='word_1_58' title='bbox 1169 1019 1250 1087; x_wconf 94' lang='lat' dir='ltr'><strong>cele·</strong></span> 
     </span>
     <span class='ocr_line' id='line_1_8' title="bbox 75 1129 1249 1218; baseline 0.003 -17"><span class='ocrx_word' id='word_1_59' title='bbox 75 1129 250 1218; x_wconf 56' lang='lat' dir='ltr'><strong>imecurt</strong></span> <span class='ocrx_word' id='word_1_60' title='bbox 272 1139 336 1202; x_wconf 87' lang='lat' dir='ltr'><strong>tres</strong></span> <span class='ocrx_word' id='word_1_61' title='bbox 361 1156 400 1203; x_wconf 88' lang='lat' dir='ltr'><strong>ex</strong></span> <span class='ocrx_word' id='word_1_62' title='bbox 422 1136 587 1203; x_wconf 81' lang='lat' dir='ltr'><strong>iuvenibus</strong></span> <span class='ocrx_word' id='word_1_63' title='bbox 608 1135 759 1202; x_wconf 86' lang='lat' dir='ltr'><strong>fratribus</strong></span> <span class='ocrx_word' id='word_1_64' title='bbox 782 1135 899 1202; x_wconf 84' lang='lat' dir='ltr'><strong>nostris</strong></span> <span class='ocrx_word' id='word_1_65' title='bbox 923 1156 943 1201; x_wconf 92' lang='lat' dir='ltr'><strong>a</strong></span> <span class='ocrx_word' id='word_1_66' title='bbox 964 1141 1120 1203; x_wconf 80' lang='lat' dir='ltr'><strong>conventu</strong></span> <span class='ocrx_word' id='word_1_67' title='bbox 1141 1142 1249 1204; x_wconf 89' lang='lat' dir='ltr'><strong>nostro</strong></span> 
     </span>
     <span class='ocr_line' id='line_1_9' title="bbox 75 1251 1250 1339; baseline 0.003 -22"><span class='ocrx_word' id='word_1_68' title='bbox 75 1256 108 1317; x_wconf 88' lang='lat' dir='ltr'><strong>et</strong></span> <span class='ocrx_word' id='word_1_69' title='bbox 136 1251 297 1336; x_wconf 84' lang='lat' dir='ltr'><strong>exequiis,</strong></span> <span class='ocrx_word' id='word_1_70' title='bbox 324 1272 402 1337; x_wconf 87' lang='lat' dir='ltr'><strong>quas</strong></span> <span class='ocrx_word' id='word_1_71' title='bbox 431 1252 576 1319; x_wconf 82' lang='lat' dir='ltr'><strong>defuneto</strong></span> <span class='ocrx_word' id='word_1_72' title='bbox 605 1252 712 1321; x_wconf 88' lang='lat' dir='ltr'><strong>abbati</strong></span> <span class='ocrx_word' id='word_1_73' title='bbox 738 1251 1014 1339; x_wconf 85' lang='lat' dir='ltr'><strong>impendebamus,</strong></span> <span class='ocrx_word' id='word_1_74' title='bbox 1042 1272 1111 1319; x_wconf 86' lang='lat' dir='ltr'><strong>sese</strong></span> <span class='ocrx_word' id='word_1_75' title='bbox 1134 1274 1174 1320; x_wconf 82' lang='lat' dir='ltr'><strong>ex</strong></span> <span class='ocrx_word' id='word_1_76' title='bbox 1196 1253 1250 1322; x_wconf 91' lang='lat' dir='ltr'><strong>de·</strong></span> 
     </span>
     <span class='ocr_line' id='line_1_10' title="bbox 73 1366 1251 1454; baseline 0.004 -21"><span class='ocrx_word' id='word_1_77' title='bbox 73 1366 263 1435; x_wconf 72' lang='lat' dir='ltr'><strong>liberatione</strong></span> <span class='ocrx_word' id='word_1_78' title='bbox 291 1373 323 1435; x_wconf 91' lang='lat' dir='ltr'><strong>et</strong></span> <span class='ocrx_word' id='word_1_79' title='bbox 350 1368 494 1435; x_wconf 88' lang='lat' dir='ltr'><strong>condicto</strong></span> <span class='ocrx_word' id='word_1_80' title='bbox 524 1368 748 1437; x_wconf 84' lang='lat' dir='ltr'><strong>subduxerunt</strong></span> <span class='ocrx_word' id='word_1_81' title='bbox 791 1368 980 1453; x_wconf 80' lang='lat' dir='ltr'><strong>Interrogati</strong></span> <span class='ocrx_word' id='word_1_82' title='bbox 1007 1390 1028 1435; x_wconf 89' lang='lat' dir='ltr'><strong>a</strong></span> <span class='ocrx_word' id='word_1_83' title='bbox 1054 1370 1161 1454; x_wconf 90' lang='lat' dir='ltr'><strong>nobis,</strong></span> <span class='ocrx_word' id='word_1_84' title='bbox 1195 1392 1251 1439; x_wconf 88' lang='lat' dir='ltr'><strong>cur</strong></span> 
     </span>
     <span class='ocr_line' id='line_1_11' title="bbox 72 1485 1250 1573; baseline 0.005 -24"><span class='ocrx_word' id='word_1_85' title='bbox 72 1486 122 1551; x_wconf 87' lang='lat' dir='ltr'><strong>ita</strong></span> <span class='ocrx_word' id='word_1_86' title='bbox 142 1485 303 1569; x_wconf 77' lang='lat' dir='ltr'><strong>lemoscnt,</strong></span> <span class='ocrx_word' id='word_1_87' title='bbox 326 1485 567 1572; x_wconf 90' lang='lat' dir='ltr'><strong>responderunt,</strong></span> <span class='ocrx_word' id='word_1_88' title='bbox 591 1508 624 1553; x_wconf 91' lang='lat' dir='ltr'><strong>sc</strong></span> <span class='ocrx_word' id='word_1_89' title='bbox 647 1491 715 1553; x_wconf 90' lang='lat' dir='ltr'><strong>tute</strong></span> <span class='ocrx_word' id='word_1_90' title='bbox 737 1506 801 1553; x_wconf 89' lang='lat' dir='ltr'><strong>nou</strong></span> <span class='ocrx_word' id='word_1_91' title='bbox 822 1506 915 1572; x_wconf 89' lang='lat' dir='ltr'><strong>posse</strong></span> <span class='ocrx_word' id='word_1_92' title='bbox 938 1506 1028 1553; x_wconf 85' lang='lat' dir='ltr'><strong>orare</strong></span> <span class='ocrx_word' id='word_1_93' title='bbox 1050 1507 1109 1573; x_wconf 89' lang='lat' dir='ltr'><strong>pro</strong></span> <span class='ocrx_word' id='word_1_94' title='bbox 1126 1508 1250 1555; x_wconf 82' lang='lat' dir='ltr'><strong>excom-</strong></span> 
     </span>
     <span class='ocr_line' id='line_1_12' title="bbox 73 1602 1251 1686; baseline 0.003 -18"><span class='ocrx_word' id='word_1_95' title='bbox 73 1602 253 1686; x_wconf 79' lang='lat' dir='ltr'><strong>muniente,</strong></span> <span class='ocrx_word' id='word_1_96' title='bbox 282 1604 371 1669; x_wconf 89' lang='lat' dir='ltr'><strong>ouius</strong></span> <span class='ocrx_word' id='word_1_97' title='bbox 399 1602 534 1669; x_wconf 81' lang='lat' dir='ltr'><strong>cadauer</strong></span> <span class='ocrx_word' id='word_1_98' title='bbox 561 1609 671 1670; x_wconf 88' lang='lat' dir='ltr'><strong>centra</strong></span> <span class='ocrx_word' id='word_1_99' title='bbox 698 1603 880 1669; x_wconf 90' lang='lat' dir='ltr'><strong>canonicam</strong></span> <span class='ocrx_word' id='word_1_100' title='bbox 907 1602 1067 1669; x_wconf 75' lang='lat' dir='ltr'><strong>imbeiam</strong></span> <span class='ocrx_word' id='word_1_101' title='bbox 1089 1609 1173 1671; x_wconf 88' lang='lat' dir='ltr'><strong>esset</strong></span> <span class='ocrx_word' id='word_1_102' title='bbox 1193 1605 1251 1673; x_wconf 91' lang='lat' dir='ltr'><strong>bu-</strong></span> 
     </span>
     <span class='ocr_line' id='line_1_13' title="bbox 72 1718 1250 1805; baseline 0.003 -20"><span class='ocrx_word' id='word_1_103' title='bbox 72 1723 199 1785; x_wconf 89' lang='lat' dir='ltr'><strong>matum</strong></span> <span class='ocrx_word' id='word_1_104' title='bbox 234 1719 319 1785; x_wconf 88' lang='lat' dir='ltr'><strong>intra</strong></span> <span class='ocrx_word' id='word_1_105' title='bbox 354 1719 546 1787; x_wconf 87' lang='lat' dir='ltr'><strong>aecclesiam.</strong></span> <span class='ocrx_word' id='word_1_106' title='bbox 597 1718 796 1799; x_wconf 82' lang='lat' dir='ltr'><strong>Quesirimus</strong></span> <span class='ocrx_word' id='word_1_107' title='bbox 824 1740 844 1786; x_wconf 90' lang='lat' dir='ltr'><strong>a</strong></span> <span class='ocrx_word' id='word_1_108' title='bbox 870 1719 1000 1805; x_wconf 89' lang='lat' dir='ltr'><strong>reliquis</strong></span> <span class='ocrx_word' id='word_1_109' title='bbox 1028 1719 1179 1788; x_wconf 84' lang='lat' dir='ltr'><strong>fratribus</strong></span> <span class='ocrx_word' id='word_1_110' title='bbox 1208 1759 1250 1771; x_wconf 89' lang='lat'><em>-</em></span> 
     </span>
     <span class='ocr_line' id='line_1_14' title="bbox 73 1836 1251 1921; baseline 0.005 -21"><span class='ocrx_word' id='word_1_111' title='bbox 73 1854 187 1901; x_wconf 87' lang='lat' dir='ltr'><strong>omnes</strong></span> <span class='ocrx_word' id='word_1_112' title='bbox 222 1836 307 1902; x_wconf 90' lang='lat' dir='ltr'><strong>enim</strong></span> <span class='ocrx_word' id='word_1_113' title='bbox 339 1836 484 1921; x_wconf 86' lang='lat' dir='ltr'><strong>aderant,</strong></span> <span class='ocrx_word' id='word_1_114' title='bbox 520 1856 610 1903; x_wconf 88' lang='lat' dir='ltr'><strong>senes</strong></span> <span class='ocrx_word' id='word_1_115' title='bbox 639 1856 711 1904; x_wconf 88' lang='lat' dir='ltr'><strong>cum</strong></span> <span class='ocrx_word' id='word_1_116' title='bbox 742 1836 988 1903; x_wconf 88' lang='lat' dir='ltr'><strong>iunioribus-</strong></span> <span class='ocrx_word' id='word_1_117' title='bbox 1017 1858 1060 1903; x_wconf 89' lang='lat' dir='ltr'><strong>an</strong></span> <span class='ocrx_word' id='word_1_118' title='bbox 1087 1838 1161 1905; x_wconf 94' lang='lat' dir='ltr'><strong>buic</strong></span> <span class='ocrx_word' id='word_1_119' title='bbox 1186 1860 1251 1907; x_wconf 88' lang='lat' dir='ltr'><strong>ser-</strong></span> 
     </span>
     <span class='ocr_line' id='line_1_15' title="bbox 72 1951 1252 2039; baseline 0.006 -22"><span class='ocrx_word' id='word_1_120' title='bbox 72 1954 165 2017; x_wconf 92' lang='lat' dir='ltr'><strong>moni</strong></span> <span class='ocrx_word' id='word_1_121' title='bbox 193 1972 356 2019; x_wconf 81' lang='lat' dir='ltr'><strong>assensum</strong></span> <span class='ocrx_word' id='word_1_122' title='bbox 384 1952 570 2039; x_wconf 87' lang='lat' dir='ltr'><strong>preberent?</strong></span> <span class='ocrx_word' id='word_1_123' title='bbox 615 1953 771 2038; x_wconf 77' lang='lat' dir='ltr'><strong>Negatum</strong></span> <span class='ocrx_word' id='word_1_124' title='bbox 801 1957 850 2019; x_wconf 86' lang='lat' dir='ltr'><strong>est</strong></span> <span class='ocrx_word' id='word_1_125' title='bbox 878 1951 918 2022; x_wconf 88' lang='lat' dir='ltr'><strong>ab</strong></span> <span class='ocrx_word' id='word_1_126' title='bbox 945 1953 1104 2038; x_wconf 91' lang='lat' dir='ltr'><strong>omnibus,</strong></span> <span class='ocrx_word' id='word_1_127' title='bbox 1132 1955 1197 2023; x_wconf 88' lang='lat' dir='ltr'><strong>talc</strong></span> <span class='ocrx_word' id='word_1_128' title='bbox 1220 1962 1252 2025; x_wconf 88' lang='lat' dir='ltr'><strong>et</strong></span> 
     </span>
     <span class='ocr_line' id='line_1_16' title="bbox 73 2068 1251 2160; baseline 0.005 -25"><span class='ocrx_word' id='word_1_129' title='bbox 73 2074 143 2135; x_wconf 89' lang='lat' dir='ltr'><strong>tam</strong></span> <span class='ocrx_word' id='word_1_130' title='bbox 172 2068 350 2135; x_wconf 87' lang='lat' dir='ltr'><strong>inauditum</strong></span> <span class='ocrx_word' id='word_1_131' title='bbox 372 2070 504 2137; x_wconf 81' lang='lat' dir='ltr'><strong>verbum</strong></span> <span class='ocrx_word' id='word_1_132' title='bbox 526 2091 566 2137; x_wconf 85' lang='lat' dir='ltr'><strong>ex</strong></span> <span class='ocrx_word' id='word_1_133' title='bbox 588 2091 646 2137; x_wconf 92' lang='lat' dir='ltr'><strong>sua</strong></span> <span class='ocrx_word' id='word_1_134' title='bbox 668 2070 847 2137; x_wconf 82' lang='lat' dir='ltr'><strong>coniventia</strong></span> <span class='ocrx_word' id='word_1_135' title='bbox 867 2072 1073 2156; x_wconf 85' lang='lat' dir='ltr'><strong>processisse,</strong></span> <span class='ocrx_word' id='word_1_136' title='bbox 1102 2074 1251 2160; x_wconf 90' lang='lat' dir='ltr'><strong>precipue</strong></span> 
     </span>
     <span class='ocr_line' id='line_1_17' title="bbox 73 2184 1251 2272; baseline 0.003 -19"><span class='ocrx_word' id='word_1_137' title='bbox 73 2205 149 2253; x_wconf 89' lang='lat' dir='ltr'><strong>cum</strong></span> <span class='ocrx_word' id='word_1_138' title='bbox 173 2184 259 2251; x_wconf 90' lang='lat' dir='ltr'><strong>idem</strong></span> <span class='ocrx_word' id='word_1_139' title='bbox 281 2186 376 2253; x_wconf 86' lang='lat' dir='ltr'><strong>abbas</strong></span> <span class='ocrx_word' id='word_1_140' title='bbox 400 2184 577 2271; x_wconf 89' lang='lat' dir='ltr'><strong>Heinricus,</strong></span> <span class='ocrx_word' id='word_1_141' title='bbox 600 2206 693 2271; x_wconf 85' lang='lat' dir='ltr'><strong>quem</strong></span> <span class='ocrx_word' id='word_1_142' title='bbox 716 2207 877 2272; x_wconf 88' lang='lat' dir='ltr'><strong>nunquam</strong></span> <span class='ocrx_word' id='word_1_143' title='bbox 898 2186 996 2255; x_wconf 82' lang='lat' dir='ltr'><strong>fuisse</strong></span> <span class='ocrx_word' id='word_1_144' title='bbox 1020 2188 1165 2256; x_wconf 77' lang='lat' dir='ltr'><strong>abbatem</strong></span> <span class='ocrx_word' id='word_1_145' title='bbox 1186 2195 1251 2259; x_wconf 90' lang='lat' dir='ltr'><strong>tres</strong></span> 
     </span>
     <span class='ocr_line' id='line_1_18' title="bbox 71 2301 1251 2389; baseline 0.005 -22"><span class='ocrx_word' id='word_1_146' title='bbox 71 2302 123 2367; x_wconf 91' lang='lat' dir='ltr'><strong>illi</strong></span> <span class='ocrx_word' id='word_1_147' title='bbox 146 2302 318 2369; x_wconf 77' lang='lat' dir='ltr'><strong>temeraria</strong></span> <span class='ocrx_word' id='word_1_148' title='bbox 337 2304 573 2389; x_wconf 86' lang='lat' dir='ltr'><strong>presumptione</strong></span> <span class='ocrx_word' id='word_1_149' title='bbox 598 2301 807 2387; x_wconf 74' lang='lat' dir='ltr'><strong>affirmabant,</strong></span> <span class='ocrx_word' id='word_1_150' title='bbox 833 2320 1042 2389; x_wconf 82' lang='lat' dir='ltr'><strong>nequaquam,</strong></span> <span class='ocrx_word' id='word_1_151' title='bbox 1066 2305 1142 2371; x_wconf 90' lang='lat' dir='ltr'><strong>dum</strong></span> <span class='ocrx_word' id='word_1_152' title='bbox 1164 2307 1251 2373; x_wconf 80' lang='lat' dir='ltr'><strong>adri·</strong></span> 
     </span>
     <span class='ocr_line' id='line_1_19' title="bbox 72 2419 1251 2507; baseline 0.004 -22"><span class='ocrx_word' id='word_1_153' title='bbox 72 2424 180 2503; x_wconf 85' lang='lat' dir='ltr'><strong>reret,</strong></span> <span class='ocrx_word' id='word_1_154' title='bbox 211 2419 250 2486; x_wconf 92' lang='lat' dir='ltr'><strong>de</strong></span> <span class='ocrx_word' id='word_1_155' title='bbox 272 2420 403 2486; x_wconf 91' lang='lat' dir='ltr'><strong>crimine</strong></span> <span class='ocrx_word' id='word_1_156' title='bbox 427 2420 530 2506; x_wconf 88' lang='lat' dir='ltr'><strong>aliquo</strong></span> <span class='ocrx_word' id='word_1_157' title='bbox 553 2420 666 2487; x_wconf 86' lang='lat' dir='ltr'><strong>fuisset</strong></span> <span class='ocrx_word' id='word_1_158' title='bbox 687 2420 848 2488; x_wconf 86' lang='lat' dir='ltr'><strong>convictus</strong></span> <span class='ocrx_word' id='word_1_159' title='bbox 870 2419 921 2487; x_wconf 85' lang='lat' dir='ltr'><strong>vel</strong></span> <span class='ocrx_word' id='word_1_160' title='bbox 942 2422 1117 2507; x_wconf 82' lang='lat' dir='ltr'><strong>coufessus,</strong></span> <span class='ocrx_word' id='word_1_161' title='bbox 1141 2429 1251 2491; x_wconf 88' lang='lat' dir='ltr'><strong>setus</strong></span> 
     </span>
     <span class='ocr_line' id='line_1_20' title="bbox 73 2536 1251 2623; baseline 0.003 -20"><span class='ocrx_word' id='word_1_162' title='bbox 73 2536 222 2623; x_wconf 88' lang='lat' dir='ltr'><strong>pulsatus</strong></span> <span class='ocrx_word' id='word_1_163' title='bbox 245 2536 377 2622; x_wconf 89' lang='lat' dir='ltr'><strong>quidem.</strong></span> <span class='ocrx_word' id='word_1_164' title='bbox 394 2538 504 2604; x_wconf 88' lang='lat' dir='ltr'><strong>ordine</strong></span> <span class='ocrx_word' id='word_1_165' title='bbox 526 2537 699 2603; x_wconf 90' lang='lat' dir='ltr'><strong>iudiciario.</strong></span> <span class='ocrx_word' id='word_1_166' title='bbox 735 2537 899 2621; x_wconf 79' lang='lat' dir='ltr'><strong>Regebant</strong></span> <span class='ocrx_word' id='word_1_167' title='bbox 921 2558 1039 2622; x_wconf 68' lang='lat' dir='ltr'><strong>omues</strong></span> <span class='ocrx_word' id='word_1_168' title='bbox 1062 2544 1099 2605; x_wconf 90' lang='lat' dir='ltr'><strong>ut</strong></span> <span class='ocrx_word' id='word_1_169' title='bbox 1120 2540 1170 2606; x_wconf 86' lang='lat' dir='ltr'><strong>sui</strong></span> <span class='ocrx_word' id='word_1_170' title='bbox 1191 2540 1251 2607; x_wconf 90' lang='lat' dir='ltr'><strong>mi-</strong></span> 
     </span>
     <span class='ocr_line' id='line_1_21' title="bbox 73 2652 1251 2741; baseline 0.002 -20"><span class='ocrx_word' id='word_1_171' title='bbox 73 2672 263 2721; x_wconf 87' lang='lat' dir='ltr'><strong>sereremur.</strong></span> <span class='ocrx_word' id='word_1_172' title='bbox 287 2652 389 2721; x_wconf 88' lang='lat' dir='ltr'><strong>Erant</strong></span> <span class='ocrx_word' id='word_1_173' title='bbox 403 2655 488 2721; x_wconf 92' lang='lat' dir='ltr'><strong>enim</strong></span> <span class='ocrx_word' id='word_1_174' title='bbox 502 2655 671 2741; x_wconf 76' lang='lat' dir='ltr'><strong>perniciosi</strong></span> <span class='ocrx_word' id='word_1_175' title='bbox 686 2654 734 2720; x_wconf 95' lang='lat' dir='ltr'><strong>illi</strong></span> <span class='ocrx_word' id='word_1_176' title='bbox 748 2660 814 2721; x_wconf 91' lang='lat' dir='ltr'><strong>tres</strong></span> <span class='ocrx_word' id='word_1_177' title='bbox 829 2655 863 2721; x_wconf 92' lang='lat' dir='ltr'><strong>in</strong></span> <span class='ocrx_word' id='word_1_178' title='bbox 878 2656 1118 2738; x_wconf 79' lang='lat' dir='ltr'><strong>congregatione</strong></span> <span class='ocrx_word' id='word_1_179' title='bbox 1133 2656 1251 2723; x_wconf 89' lang='lat' dir='ltr'><strong>discor·</strong></span> 
     </span>
     <span class='ocr_line' id='line_1_22' title="bbox 73 2770 1251 2859; baseline 0.003 -22"><span class='ocrx_word' id='word_1_180' title='bbox 73 2771 141 2855; x_wconf 90' lang='lat' dir='ltr'><strong>des,</strong></span> <span class='ocrx_word' id='word_1_181' title='bbox 168 2770 253 2855; x_wconf 87' lang='lat' dir='ltr'><strong>clati,</strong></span> <span class='ocrx_word' id='word_1_182' title='bbox 272 2775 305 2837; x_wconf 93' lang='lat' dir='ltr'><strong>ct</strong></span> <span class='ocrx_word' id='word_1_183' title='bbox 320 2771 359 2837; x_wconf 86' lang='lat' dir='ltr'><strong>ad</strong></span> <span class='ocrx_word' id='word_1_184' title='bbox 375 2790 500 2838; x_wconf 91' lang='lat' dir='ltr'><strong>ornnem</strong></span> <span class='ocrx_word' id='word_1_185' title='bbox 514 2771 634 2837; x_wconf 85' lang='lat' dir='ltr'><strong>ordinis</strong></span> <span class='ocrx_word' id='word_1_186' title='bbox 649 2770 774 2837; x_wconf 85' lang='lat' dir='ltr'><strong>ruinam</strong></span> <span class='ocrx_word' id='word_1_187' title='bbox 790 2777 823 2837; x_wconf 92' lang='lat' dir='ltr'><strong>et</strong></span> <span class='ocrx_word' id='word_1_188' title='bbox 836 2771 1037 2838; x_wconf 86' lang='lat' dir='ltr'><strong>claustralem</strong></span> <span class='ocrx_word' id='word_1_189' title='bbox 1052 2772 1251 2859; x_wconf 77' lang='lat' dir='ltr'><strong>disciplinam</strong></span> 
     </span>
     <span class='ocr_line' id='line_1_23' title="bbox 74 2887 1251 2976; baseline 0.001 -20"><span class='ocrx_word' id='word_1_190' title='bbox 74 2887 302 2957; x_wconf 78' lang='lat' dir='ltr'><strong>destruendam</strong></span> <span class='ocrx_word' id='word_1_191' title='bbox 324 2888 473 2955; x_wconf 84' lang='lat' dir='ltr'><strong>audacter</strong></span> <span class='ocrx_word' id='word_1_192' title='bbox 500 2888 745 2975; x_wconf 86' lang='lat' dir='ltr'><strong>promptissimi,</strong></span> <span class='ocrx_word' id='word_1_193' title='bbox 770 2892 802 2953; x_wconf 88' lang='lat' dir='ltr'><strong>et</strong></span> <span class='ocrx_word' id='word_1_194' title='bbox 829 2888 989 2973; x_wconf 77' lang='lat' dir='ltr'><strong>exlongo</strong></span> <span class='ocrx_word' id='word_1_195' title='bbox 1016 2893 1158 2976; x_wconf 89' lang='lat' dir='ltr'><strong>tempore</strong></span> <span class='ocrx_word' id='word_1_196' title='bbox 1185 2889 1251 2958; x_wconf 88' lang='lat' dir='ltr'><strong>iam</strong></span> 
     </span>
     <span class='ocr_line' id='line_1_24' title="bbox 72 3004 1252 3092; baseline 0.002 -19"><span class='ocrx_word' id='word_1_197' title='bbox 72 3010 207 3092; x_wconf 87' lang='lat' dir='ltr'><strong>propter</strong></span> <span class='ocrx_word' id='word_1_198' title='bbox 223 3005 342 3072; x_wconf 89' lang='lat' dir='ltr'><strong>bonurn</strong></span> <span class='ocrx_word' id='word_1_199' title='bbox 356 3004 454 3091; x_wconf 81' lang='lat' dir='ltr'><strong>pecie,</strong></span> <span class='ocrx_word' id='word_1_200' title='bbox 477 3004 646 3073; x_wconf 89' lang='lat' dir='ltr'><strong>multorum</strong></span> <span class='ocrx_word' id='word_1_201' title='bbox 661 3005 854 3073; x_wconf 83' lang='lat' dir='ltr'><strong>reclamante</strong></span> <span class='ocrx_word' id='word_1_202' title='bbox 868 3006 1008 3091; x_wconf 87' lang='lat' dir='ltr'><strong>consilio,</strong></span> <span class='ocrx_word' id='word_1_203' title='bbox 1030 3006 1252 3089; x_wconf 83' lang='lat' dir='ltr'><strong>longanimiter</strong></span> 
     </span>
     <span class='ocr_line' id='line_1_25' title="bbox 75 3119 1250 3210; baseline 0.001 -21"><span class='ocrx_word' id='word_1_204' title='bbox 75 3143 93 3189; x_wconf 87' lang='lat' dir='ltr'><strong>a</strong></span> <span class='ocrx_word' id='word_1_205' title='bbox 120 3122 216 3189; x_wconf 87' lang='lat' dir='ltr'><strong>nobis</strong></span> <span class='ocrx_word' id='word_1_206' title='bbox 239 3119 373 3187; x_wconf 66' lang='lat' dir='ltr'><strong>tolerati„</strong></span> <span class='ocrx_word' id='word_1_207' title='bbox 421 3120 572 3189; x_wconf 84' lang='lat' dir='ltr'><strong>Conversi</strong></span> <span class='ocrx_word' id='word_1_208' title='bbox 595 3124 691 3189; x_wconf 86' lang='lat' dir='ltr'><strong>etiam</strong></span> <span class='ocrx_word' id='word_1_209' title='bbox 713 3142 798 3189; x_wconf 89' lang='lat' dir='ltr'><strong>nunc</strong></span> <span class='ocrx_word' id='word_1_210' title='bbox 820 3123 860 3189; x_wconf 90' lang='lat' dir='ltr'><strong>ad</strong></span> <span class='ocrx_word' id='word_1_211' title='bbox 881 3123 1067 3209; x_wconf 87' lang='lat' dir='ltr'><strong>patientiam</strong></span> <span class='ocrx_word' id='word_1_212' title='bbox 1090 3129 1124 3189; x_wconf 93' lang='lat' dir='ltr'><strong>et</strong></span> <span class='ocrx_word' id='word_1_213' title='bbox 1144 3128 1250 3210; x_wconf 88' lang='lat' dir='ltr'><strong>pater-</strong></span> 
     </span>
     <span class='ocr_line' id='line_1_26' title="bbox 73 3237 1250 3326; baseline 0.002 -21"><span class='ocrx_word' id='word_1_214' title='bbox 73 3258 153 3305; x_wconf 91' lang='lat' dir='ltr'><strong>num</strong></span> <span class='ocrx_word' id='word_1_215' title='bbox 174 3237 342 3305; x_wconf 89' lang='lat' dir='ltr'><strong>induentes</strong></span> <span class='ocrx_word' id='word_1_216' title='bbox 366 3239 516 3322; x_wconf 90' lang='lat' dir='ltr'><strong>animum,</strong></span> <span class='ocrx_word' id='word_1_217' title='bbox 540 3240 699 3326; x_wconf 87' lang='lat' dir='ltr'><strong>coepimus</strong></span> <span class='ocrx_word' id='word_1_218' title='bbox 723 3260 775 3306; x_wconf 88' lang='lat' dir='ltr'><strong>eos</strong></span> <span class='ocrx_word' id='word_1_219' title='bbox 798 3244 961 3307; x_wconf 86' lang='lat' dir='ltr'><strong>mansuete</strong></span> <span class='ocrx_word' id='word_1_220' title='bbox 979 3245 1012 3306; x_wconf 93' lang='lat' dir='ltr'><strong>et</strong></span> <span class='ocrx_word' id='word_1_221' title='bbox 1025 3240 1180 3307; x_wconf 88' lang='lat' dir='ltr'><strong>instanter</strong></span> <span class='ocrx_word' id='word_1_222' title='bbox 1195 3241 1250 3307; x_wconf 91' lang='lat' dir='ltr'><strong>ad·</strong></span> 
     </span>
     <span class='ocr_line' id='line_1_27' title="bbox 74 3353 1250 3443; baseline 0.004 -23"><span class='ocrx_word' id='word_1_223' title='bbox 74 3374 222 3437; x_wconf 90' lang='lat' dir='ltr'><strong>monere,</strong></span> <span class='ocrx_word' id='word_1_224' title='bbox 252 3374 291 3421; x_wconf 91' lang='lat' dir='ltr'><strong>ne</strong></span> <span class='ocrx_word' id='word_1_225' title='bbox 322 3355 519 3423; x_wconf 86' lang='lat' dir='ltr'><strong>ambularent</strong></span> <span class='ocrx_word' id='word_1_226' title='bbox 540 3356 575 3422; x_wconf 91' lang='lat' dir='ltr'><strong>in</strong></span> <span class='ocrx_word' id='word_1_227' title='bbox 597 3358 720 3441; x_wconf 83' lang='lat' dir='ltr'><strong>magnis</strong></span> <span class='ocrx_word' id='word_1_228' title='bbox 744 3361 775 3423; x_wconf 91' lang='lat' dir='ltr'><strong>et</strong></span> <span class='ocrx_word' id='word_1_229' title='bbox 797 3358 831 3422; x_wconf 93' lang='lat' dir='ltr'><strong>in</strong></span> <span class='ocrx_word' id='word_1_230' title='bbox 852 3356 1049 3424; x_wconf 88' lang='lat' dir='ltr'><strong>mirabilibus</strong></span> <span class='ocrx_word' id='word_1_231' title='bbox 1071 3377 1166 3443; x_wconf 86' lang='lat' dir='ltr'><strong>super</strong></span> <span class='ocrx_word' id='word_1_232' title='bbox 1188 3353 1250 3443; x_wconf 84' lang='lat' dir='ltr'><strong>se⁸,</strong></span> 
     </span>
     <span class='ocr_line' id='line_1_28' title="bbox 76 3472 1250 3561; baseline 0.001 -22"><span class='ocrx_word' id='word_1_233' title='bbox 76 3472 273 3559; x_wconf 89' lang='lat' dir='ltr'><strong>deponerent</strong></span> <span class='ocrx_word' id='word_1_234' title='bbox 299 3472 371 3538; x_wconf 88' lang='lat' dir='ltr'><strong>odia</strong></span> <span class='ocrx_word' id='word_1_235' title='bbox 391 3479 573 3558; x_wconf 79' lang='lat' dir='ltr'><strong>veternosa,</strong></span> <span class='ocrx_word' id='word_1_236' title='bbox 604 3494 663 3558; x_wconf 90' lang='lat' dir='ltr'><strong>que</strong></span> <span class='ocrx_word' id='word_1_237' title='bbox 686 3474 720 3540; x_wconf 91' lang='lat' dir='ltr'><strong>in</strong></span> <span class='ocrx_word' id='word_1_238' title='bbox 743 3478 906 3539; x_wconf 89' lang='lat' dir='ltr'><strong>aeternum</strong></span> <span class='ocrx_word' id='word_1_239' title='bbox 926 3474 1057 3540; x_wconf 84' lang='lat' dir='ltr'><strong>trabunt</strong></span> <span class='ocrx_word' id='word_1_240' title='bbox 1076 3474 1250 3561; x_wconf 85' lang='lat' dir='ltr'><strong>interitum,</strong></span> 
     </span>
     <span class='ocr_line' id='line_1_29' title="bbox 76 3589 1251 3675; baseline 0.003 -20"><span class='ocrx_word' id='word_1_241' title='bbox 76 3592 239 3655; x_wconf 86' lang='lat' dir='ltr'><strong>cessarent</strong></span> <span class='ocrx_word' id='word_1_242' title='bbox 260 3591 406 3675; x_wconf 85' lang='lat' dir='ltr'><strong>persequi</strong></span> <span class='ocrx_word' id='word_1_243' title='bbox 428 3591 549 3657; x_wconf 88' lang='lat' dir='ltr'><strong>cineres</strong></span> <span class='ocrx_word' id='word_1_244' title='bbox 566 3590 684 3655; x_wconf 90' lang='lat' dir='ltr'><strong>mortui</strong></span> <span class='ocrx_word' id='word_1_245' title='bbox 698 3589 844 3674; x_wconf 90' lang='lat' dir='ltr'><strong>hominis,</strong></span> <span class='ocrx_word' id='word_1_246' title='bbox 868 3590 1055 3657; x_wconf 89' lang='lat' dir='ltr'><strong>desisterent</strong></span> <span class='ocrx_word' id='word_1_247' title='bbox 1069 3591 1251 3659; x_wconf 84' lang='lat' dir='ltr'><strong>scandalum</strong></span> 
     </span>
     <span class='ocr_line' id='line_1_30' title="bbox 75 3704 1253 3792; baseline 0.006 -23"><span class='ocrx_word' id='word_1_248' title='bbox 75 3704 180 3773; x_wconf 83' lang='lat' dir='ltr'><strong>iacere</strong></span> <span class='ocrx_word' id='word_1_249' title='bbox 203 3706 294 3773; x_wconf 87' lang='lat' dir='ltr'><strong>nobis</strong></span> <span class='ocrx_word' id='word_1_250' title='bbox 323 3711 355 3773; x_wconf 90' lang='lat' dir='ltr'><strong>et</strong></span> <span class='ocrx_word' id='word_1_251' title='bbox 376 3706 527 3773; x_wconf 85' lang='lat' dir='ltr'><strong>fratribus</strong></span> <span class='ocrx_word' id='word_1_252' title='bbox 550 3707 624 3773; x_wconf 88' lang='lat' dir='ltr'><strong>suis.</strong></span> <span class='ocrx_word' id='word_1_253' title='bbox 671 3708 846 3773; x_wconf 76' lang='lat' dir='ltr'><strong>Invenimus</strong></span> <span class='ocrx_word' id='word_1_254' title='bbox 874 3709 1004 3792; x_wconf 88' lang='lat' dir='ltr'><strong>inquam</strong></span> <span class='ocrx_word' id='word_1_255' title='bbox 1033 3710 1083 3775; x_wconf 80' lang='lat' dir='ltr'><strong>bic</strong></span> <span class='ocrx_word' id='word_1_256' title='bbox 1110 3711 1196 3777; x_wconf 77' lang='lat' dir='ltr'><strong>enen</strong></span> <span class='ocrx_word' id='word_1_257' title='bbox 1223 3722 1253 3776; x_wconf 86' lang='lat' dir='ltr'><strong>et</strong></span> 
     </span>
     <span class='ocr_line' id='line_1_31' title="bbox 76 3825 1250 3915; baseline 0.005 -28"><span class='ocrx_word' id='word_1_258' title='bbox 76 3826 179 3889; x_wconf 77' lang='lat' dir='ltr'><strong>cocali</strong></span> <span class='ocrx_word' id='word_1_259' title='bbox 202 3846 240 3888; x_wconf 83' lang='lat' dir='ltr'><strong>cc</strong></span> <span class='ocrx_word' id='word_1_260' title='bbox 260 3827 364 3889; x_wconf 81' lang='lat' dir='ltr'><strong>venire</strong></span> <span class='ocrx_word' id='word_1_261' title='bbox 388 3848 425 3890; x_wconf 77' lang='lat' dir='ltr'><strong>en</strong></span> <span class='ocrx_word' id='word_1_262' title='bbox 448 3826 621 3891; x_wconf 84' lang='lat' dir='ltr'><strong>obedientia</strong></span> <span class='ocrx_word' id='word_1_263' title='bbox 635 3826 718 3905; x_wconf 81' lang='lat' dir='ltr'><strong>inssi,</strong></span> <span class='ocrx_word' id='word_1_264' title='bbox 743 3826 922 3891; x_wconf 81' lang='lat' dir='ltr'><strong>aecclesiam</strong></span> <span class='ocrx_word' id='word_1_265' title='bbox 935 3825 1016 3892; x_wconf 79' lang='lat' dir='ltr'><strong>benc</strong></span> <span class='ocrx_word' id='word_1_266' title='bbox 1031 3829 1144 3915; x_wconf 80' lang='lat' dir='ltr'><strong>edeqne</strong></span> <span class='ocrx_word' id='word_1_267' title='bbox 1158 3828 1250 3893; x_wconf 69' lang='lat' dir='ltr'><strong>cuim</strong></span> 
     </span>
     <span class='ocr_line' id='line_1_32' title="bbox 78 3940 1248 4031; baseline 0.005 -28"><span class='ocrx_word' id='word_1_268' title='bbox 78 3940 318 4005; x_wconf 78' lang='lat' dir='ltr'><strong>contradictione</strong></span> <span class='ocrx_word' id='word_1_269' title='bbox 346 3942 451 4007; x_wconf 82' lang='lat' dir='ltr'><strong>divino</strong></span> <span class='ocrx_word' id='word_1_270' title='bbox 480 3942 680 4008; x_wconf 79' lang='lat' dir='ltr'><strong>celebrantem</strong></span> <span class='ocrx_word' id='word_1_271' title='bbox 708 3940 834 4031; x_wconf 70' lang='lat' dir='ltr'><strong>officia,</strong></span> <span class='ocrx_word' id='word_1_272' title='bbox 863 3953 893 4007; x_wconf 87' lang='lat' dir='ltr'><strong>et</strong></span> <span class='ocrx_word' id='word_1_273' title='bbox 918 3945 1062 4030; x_wconf 82' lang='lat' dir='ltr'><strong>iamper</strong></span> <span class='ocrx_word' id='word_1_274' title='bbox 1084 3945 1248 4025; x_wconf 61' lang='lat' dir='ltr'><strong>cientem,</strong></span> 
     </span>
    </p>
   </div>
   <div class='ocr_carea' id='block_1_3' title="bbox 78 4051 1250 4489">
    <p class='ocr_par' dir='ltr' id='par_1_3' title="bbox 79 4051 1249 4146">
     <span class='ocr_line' id='line_1_33' title="bbox 79 4051 1249 4146; baseline 0.005 -26"><span class='ocrx_word' id='word_1_275' title='bbox 79 4080 114 4121; x_wconf 76' lang='lat' dir='ltr'><strong>ee</strong></span> <span class='ocrx_word' id='word_1_276' title='bbox 138 4078 201 4145; x_wconf 76' lang='lat' dir='ltr'><strong>pac</strong></span> <span class='ocrx_word' id='word_1_277' title='bbox 224 4057 276 4121; x_wconf 80' lang='lat' dir='ltr'><strong>ille</strong></span> <span class='ocrx_word' id='word_1_278' title='bbox 296 4060 360 4122; x_wconf 81' lang='lat' dir='ltr'><strong>vita</strong></span> <span class='ocrx_word' id='word_1_279' title='bbox 378 4051 529 4138; x_wconf 76' lang='lat' dir='ltr'><strong>decessit⁴,</strong></span> <span class='ocrx_word' id='word_1_280' title='bbox 553 4059 656 4123; x_wconf 78' lang='lat' dir='ltr'><strong>nullae</strong></span> <span class='ocrx_word' id='word_1_281' title='bbox 672 4082 692 4123; x_wconf 83' lang='lat' dir='ltr'><strong>a</strong></span> <span class='ocrx_word' id='word_1_282' title='bbox 701 4057 834 4145; x_wconf 81' lang='lat' dir='ltr'><strong>prelatis</strong></span> <span class='ocrx_word' id='word_1_283' title='bbox 855 4062 967 4125; x_wconf 78' lang='lat' dir='ltr'><strong>nostrie</strong></span> <span class='ocrx_word' id='word_1_284' title='bbox 983 4062 1157 4146; x_wconf 62' lang='lat' dir='ltr'><strong>acceptans</strong></span> <span class='ocrx_word' id='word_1_285' title='bbox 1171 4062 1249 4126; x_wconf 83' lang='lat' dir='ltr'><strong>litte·</strong></span> 
     </span>
    </p>

    <p class='ocr_par' dir='ltr' id='par_1_4' title="bbox 78 4173 1250 4261">
     <span class='ocr_line' id='line_1_34' title="bbox 78 4173 1250 4261; baseline 0.006 -27"><span class='ocrx_word' id='word_1_286' title='bbox 78 4196 130 4239; x_wconf 84' lang='lat' dir='ltr'><strong>rar</strong></span> <span class='ocrx_word' id='word_1_287' title='bbox 151 4173 203 4237; x_wconf 82' lang='lat' dir='ltr'><strong>cel</strong></span> <span class='ocrx_word' id='word_1_288' title='bbox 221 4175 385 4256; x_wconf 81' lang='lat' dir='ltr'><strong>mandata,</strong></span> <span class='ocrx_word' id='word_1_289' title='bbox 414 4176 448 4237; x_wconf 81' lang='lat' dir='ltr'><strong>io</strong></span> <span class='ocrx_word' id='word_1_290' title='bbox 471 4176 580 4261; x_wconf 71' lang='lat' dir='ltr'><strong>qnidam</strong></span> <span class='ocrx_word' id='word_1_291' title='bbox 601 4176 640 4239; x_wconf 87' lang='lat' dir='ltr'><strong>de</strong></span> <span class='ocrx_word' id='word_1_292' title='bbox 664 4177 976 4241; x_wconf 76' lang='lat' dir='ltr'><strong>eaeommnniccticne</strong></span> <span class='ocrx_word' id='word_1_293' title='bbox 992 4197 1147 4261; x_wconf 77' lang='lat' dir='ltr'><strong>personae</strong></span> <span class='ocrx_word' id='word_1_294' title='bbox 1167 4176 1250 4241; x_wconf 70' lang='lat' dir='ltr'><strong>dnn</strong></span> 
     </span>
    </p>

    <p class='ocr_par' dir='ltr' id='par_1_5' title="bbox 80 4291 1249 4489">
     <span class='ocr_line' id='line_1_35' title="bbox 80 4291 1249 4377; baseline 0.004 -23"><span class='ocrx_word' id='word_1_295' title='bbox 80 4291 125 4357; x_wconf 83' lang='lat' dir='ltr'><strong>cel</strong></span> <span class='ocrx_word' id='word_1_296' title='bbox 151 4291 191 4355; x_wconf 80' lang='lat' dir='ltr'><strong>de</strong></span> <span class='ocrx_word' id='word_1_297' title='bbox 218 4291 361 4355; x_wconf 52' lang='lat' dir='ltr'><strong>&amp;dione</strong></span> <span class='ocrx_word' id='word_1_298' title='bbox 384 4292 523 4377; x_wconf 68' lang='lat' dir='ltr'><strong>corporis</strong></span> <span class='ocrx_word' id='word_1_299' title='bbox 544 4293 641 4377; x_wconf 71' lang='lat' dir='ltr'><strong>ipsias</strong></span> <span class='ocrx_word' id='word_1_300' title='bbox 664 4294 876 4357; x_wconf 73' lang='lat' dir='ltr'><strong>eondnmtur.</strong></span> <span class='ocrx_word' id='word_1_301' title='bbox 920 4291 1076 4356; x_wconf 82' lang='lat' dir='ltr'><strong>Dominae</strong></span> <span class='ocrx_word' id='word_1_302' title='bbox 1096 4294 1131 4356; x_wconf 83' lang='lat' dir='ltr'><strong>in</strong></span> <span class='ocrx_word' id='word_1_303' title='bbox 1153 4315 1249 4359; x_wconf 82' lang='lat' dir='ltr'><strong>enan·</strong></span> 
     </span>
     <span class='ocr_line' id='line_1_36' title="bbox 103 4418 1112 4489; baseline 0 -14"><span class='ocrx_word' id='word_1_304' title='bbox 103 4470 105 4476; x_wconf 91' lang='lat'><em>.</em></span> <span class='ocrx_word' id='word_1_305' title='bbox 149 4418 230 4475; x_wconf 90' lang='lat'>1.11.</span> <span class='ocrx_word' id='word_1_306' title='bbox 301 4422 325 4474; x_wconf 81' lang='lat'><strong>2.</strong></span> <span class='ocrx_word' id='word_1_307' title='bbox 347 4420 417 4475; x_wconf 79' lang='lat'>1148</span> <span class='ocrx_word' id='word_1_308' title='bbox 434 4419 495 4477; x_wconf 81' lang='lat' dir='ltr'><strong>cet.</strong></span> <span class='ocrx_word' id='word_1_309' title='bbox 507 4421 534 4475; x_wconf 81' lang='lat'><strong>8.</strong></span> <span class='ocrx_word' id='word_1_310' title='bbox 605 4422 631 4475; x_wconf 89' lang='grc'><strong>3.</strong></span> <span class='ocrx_word' id='word_1_311' title='bbox 650 4421 808 4489; x_wconf 82' lang='lat' dir='ltr'><strong>Pe.1sc,1.</strong></span> <span class='ocrx_word' id='word_1_312' title='bbox 880 4420 906 4475; x_wconf 82' lang='lat'><strong>4.</strong></span> <span class='ocrx_word' id='word_1_313' title='bbox 927 4419 996 4475; x_wconf 82' lang='lat'>1146</span> <span class='ocrx_word' id='word_1_314' title='bbox 1013 4418 1072 4477; x_wconf 73' lang='lat' dir='ltr'><strong>con</strong></span> <span class='ocrx_word' id='word_1_315' title='bbox 1085 4422 1112 4477; x_wconf 87' lang='lat'><strong>8.</strong></span> 
     </span>
    </p>
   </div>
   <div class='ocr_carea' id='block_1_4' title="bbox 0 0 1570 4859">
    <p class='ocr_par' dir='ltr' id='par_1_6' title="bbox 0 0 1570 4859">
     <span class='ocr_line' id='line_1_37' title="bbox 0 0 1570 4859; baseline 0 0"><span class='ocrx_word' id='word_1_316' title='bbox 0 0 1570 4859; x_wconf 95' lang='lat' dir='ltr'><strong> </strong></span> 
     </span>
    </p>
   </div>
  </div>
 </body>
</html>
