3117 4859
352 224 417 291 338
685 242 834 291 wmlaur
855 240 1043 291 arranem
1061 240 1114 289 ere.
1132 242 1185 288 sm.

185 387 515 469 auec-nmconventu,
538 384 691 453 intererat
712 386 809 453 abbas
824 384 997 453 blindansis
1020 390 1054 452 et
1068 380 1267 452 Scinnensis¹
1287 382 1495 471 cumpluribus

351 500 421 567 aliis
449 500 614 570 abbatibus
643 507 675 570 st
701 503 888 591 prepositis,
916 504 950 569 in
978 522 1112 589 quorum
1137 501 1299 589 presentia
1320 500 1496 588 apcrb'saine

350 618 587 705 comprobatum
620 621 669 685 cst
700 619 871 687 miultorum
904 620 1104 687 cassatione
1133 618 1368 703 religioeormn,
1397 617 1497 683 delun

348 734 413 801 iam
436 734 580 803 abbatem
603 734 723 805 nullam
746 737 940 823 expulsionis
960 756 1091 823 pessum
1113 733 1304 803 violentiam
1338 733 1499 817 Nonigitur

348 849 416 918 loco
445 872 501 919 suo
529 852 659 921 inducta
685 858 735 921 est
755 851 808 921 lex
831 874 892 939 que
914 855 975 921 ait:
1004 854 1145 941 Repulsi
1164 865 1220 919 aar
1241 852 1408 941 apotecae
1424 851 1500 917 sebas

349 971 414 1035 sais
441 973 552 1035 occare⁸
576 972 621 1037 od
649 992 778 1037 cumam
804 994 861 1037 soc
882 972 1022 1037 iudam
1037 983 1187 1057 poseant,
1217 973 1371 1056 quoniam
1390 992 1450 1036 scs
1466 978 1502 1033 at

343 1086 548 1172 praviloquium
571 1110 632 1174 quo
657 1089 816 1175 expoliari
830 1090 958 1175 possint
977 1090 1044 1153 iam
1064 1087 1193 1166 aedua,
1217 1088 1250 1151 et
1271 1090 1407 1168 actara,
1427 1102 1501 1169 quta

348 1200 449 1269 altera
476 1206 600 1269 tantum
626 1208 718 1290 parte
746 1202 870 1287 audita,
896 1202 1086 1270 intendistis.
1134 1200 1262 1269 Satara
1284 1200 1502 1288 eloquutionun

346 1317 504 1385 rethorice
525 1318 678 1385 viciosum
700 1319 734 1385 in
756 1320 860 1387 musis
883 1319 997 1387 assent
1018 1317 1214 1402 smerdem,
1241 1318 1326 1404 quod
1347 1338 1422 1406 pars
1441 1334 1502 1385 veu-

347 1434 452 1502 dicare
480 1434 542 1503 sibi
568 1440 674 1523 potest
702 1436 851 1520 adversa,
880 1439 917 1503 ut
943 1454 1016 1503 cum
1043 1435 1167 1503 dicunt:
1197 1436 1268 1515 Me,
1298 1439 1379 1521 peada
1404 1437 1503 1499 asos
1543 1441 1544 1452 ¹

346 1574 473 1618 coemam
496 1553 603 1633 babeo,
627 1556 756 1631 lamam
779 1551 863 1619 idem
879 1572 955 1640 pars
970 1552 1048 1619 dicit
1069 1550 1211 1619 adversa
1244 1550 1394 1637 Denique
1414 1555 1502 1618 vado
1543 1639 1544 1642 Ἴ

345 1668 524 1736 interventu
547 1688 655 1735 eorum
679 1667 897 1736 deliberationi
918 1688 976 1735 nos
999 1668 1230 1752 commisimus,
1257 1666 1313 1753 qui
1337 1687 1357 1734 a
1377 1666 1503 1734 vobiset
1543 1685 1544 1758 ᾗ

346 1784 365 1850 d
387 1783 523 1851 dominia
546 1791 578 1852 et
598 1784 749 1854 fratribus
772 1785 889 1853 nocuis
908 1784 949 1851 ad
963 1804 1020 1851 nos
1035 1783 1095 1851 hac
1108 1783 1149 1851 de
1163 1804 1258 1852 causa
1271 1783 1366 1851 missi
1379 1783 1502 1861 fuemut3

346 1900 445 1968 etsie
466 1902 615 1989 peticioni
633 1907 755 1971 veatae
779 1907 812 1969 et
833 1900 961 1969 illomm
983 1900 1222 1985 satisfacientes,
1244 1899 1332 1967 diem
1354 1900 1385 1967 ei
1406 1897 1501 1967 statui·
1543 1921 1544 1992 ξ

345 2036 430 2102 mus,
454 2038 516 2103 quo
538 2019 573 2083 in
593 2019 755 2106 presentia
779 2019 915 2087 dabam
935 2017 998 2086 loci
1018 2016 1105 2085 illius
1126 2037 1178 2085 res
1199 2017 1277 2101 ista,
1299 2016 1354 2084 vel
1376 2014 1502 2083 iubes

344 2134 447 2219 rigore
469 2134 520 2201 vel
542 2134 775 2203 misericordiae
797 2134 1036 2221 tranquillitate,
1057 2132 1121 2201 fine
1142 2132 1271 2202 tandem
1291 2133 1384 2219 pacis
1404 2131 1502 2201 ibbo

343 2250 429 2317 mino
452 2250 647 2319 terminetur.

345 2481 433 2554 220.
452 2485 605 2551 liebertus
628 2485 762 2551 decanos
778 2484 969 2551 statuisset
986 2481 1127 2549 wibaldo
1142 2480 1182 2547 L.
1201 2484 1411 2569 poenitentem
1427 2504 1500 2547 mos

454 2602 565 2667 aedom
588 2602 799 2667 Cordes'essem
820 2600 1021 2666 commoverint.
1355 2595 1410 2679 (bl
1426 2594 1499 2675 234.)

252 2749 323 2805 1150
430 2734 613 2802 Reverendo
639 2734 674 2799 in
696 2732 822 2801 Christo
849 2733 935 2820 patri
961 2751 1019 2799 suo
1045 2736 1077 2798 et
1098 2730 1225 2798 domino
1248 2728 1422 2813 desldo)
1443 2728 1500 2797 sa

265 2824 311 2870 ¹²¹¹·
342 2850 481 2919 bulensis
514 2854 608 2937 atque
642 2848 840 2917 Gorbeiemis
875 2847 1046 2916 aecclesiae
1072 2847 1246 2915 venerabili
1279 2847 1389 2916 abbati
1417 2847 1501 2914 caer
1543 2847 1544 2892 ³

342 2967 520 3051 elcbertus)
537 2965 733 3034 stabulensis
757 2965 926 3033 aecclesiae
948 2965 1084 3031 decanus
1107 2968 1141 3031 et
1149 2963 1278 3031 humilis
1298 2964 1439 3032 eiusdem
1451 2960 1500 3028 loci
1543 2965 1544 2968 ’

341 3085 540 3169 congregatio
563 3082 692 3151 filialem
715 3081 916 3151 dilectionem
939 3087 972 3149 et
993 3080 1132 3148 debitam
1154 3081 1391 3149 subiectionem
1543 3157 1544 3164 ἵ

429 3200 509 3269 Cum
539 3202 577 3269 de
603 3201 713 3269 salutis
736 3206 860 3268 vestrm
882 3198 1056 3267 valitudine
1078 3199 1214 3266 incertos
1235 3217 1294 3264 nos
1314 3198 1414 3265 faeiat
1433 3214 1500 3263 nun·

340 3317 457 3384 tionum
479 3322 655 3385 vestrorum
684 3318 724 3385 ad
753 3338 811 3385 nos
839 3318 971 3402 raritas,
999 3315 1097 3383 nichil
1125 3320 1188 3400 est,
1216 3319 1308 3402 pater
1335 3314 1499 3393 karissime,
1543 3325 1544 3364 ³

341 3434 423 3519 quod
446 3436 479 3500 in
501 3436 618 3502 nostris
642 3436 744 3503 causis
767 3439 824 3502 aut
846 3433 994 3501 solatium
1016 3438 1071 3500 aut
1092 3432 1319 3499 iocunditatem
1334 3430 1426 3499 nobis
1438 3448 1500 3495 con·
1543 3425 1544 3454 ³

339 3550 422 3617 ferre
437 3550 549 3619 valeat.
585 3552 662 3619 Inde
684 3551 848 3637 estquod
873 3549 1040 3636 aliquando
1062 3550 1164 3616 nostri
1186 3567 1342 3615 memores
1365 3547 1432 3614 Deo
1451 3560 1499 3632 pm

338 3666 455 3733 nostris
472 3669 728 3754 oppressionibus
739 3667 927 3756 placationis
938 3665 1076 3733 hostiam
1091 3670 1123 3734 et
1132 3686 1263 3753 precum
1273 3660 1499 3732 sacrificiaolie

338 3789 471 3867 rentes·,
493 3784 539 3850 ibi
554 3805 678 3872 semper
700 3785 799 3852 vestri
820 3784 1007 3852 memoriam
1026 3782 1208 3867 habeamus,
1230 3782 1287 3849 ubi
1309 3780 1498 3849 ascendeutes

338 3907 370 3968 et
392 3899 615 3968 descendentes
638 3900 742 3985 augeb
765 3900 973 3988 omnipotenti
991 3899 1080 3966 Patri
1101 3906 1175 3966 vota
1196 3900 1437 3984 uniuscuiusque
1457 3912 1498 3959 re·
1543 3875 1544 3880 ¹

337 4020 521 4103 presentent
532 4023 564 4084 et
574 4038 715 4084 munera
732 4017 793 4084 Per
804 4017 863 4083 hoc
875 4017 959 4084 enim
975 4020 1007 4084 et
1022 4036 1136 4104 aspera
1149 4014 1246 4104 plana
1259 4014 1329 4083 lieri
1343 4021 1376 4082 et
1388 4016 1496 4080 montes
1543 4029 1544 4116 ᾗ

337 4139 369 4200 et
390 4135 485 4203 colles
508 4135 665 4201 oredimus
687 4133 857 4201 humiliari.
949 4132 1113 4219 Ceterum,
1140 4137 1246 4221 pater,
1270 4132 1310 4199 de
1330 4136 1493 4199 nomam
1543 4199 1544 4261 ἰ

410 4289 429 4323 a.
451 4276 572 4323 offerentes
590 4277 681 4323 addidi.

409 4364 433 4417 1.
452 4362 612 4419 monasterii
629 4362 759 4433 Somnus,
776 4360 866 4420 dioec.
877 4362 1037 4420 lllndensis.
