3117 4859
300 156 366 223 376
634 168 784 217 willam
804 166 993 216 mmm
1011 164 1066 213 att.
1081 163 1135 211 aaa.

200 322 270 377 1150
389 311 468 379 Item
496 312 593 399 petit,
626 316 663 377 ut
690 310 805 377 domno
833 307 1020 391 H(artwico)
1047 305 1212 374 Bremensi
1239 306 1455 395 archiepiscopo

190 398 284 519 affin
300 429 467 514 scribatur,
490 428 636 515 quatinus
651 426 763 514 predia
776 425 1010 493 Kamiuateusis
1026 423 1166 508 ecclesie,
1189 444 1251 510 que
1265 424 1300 489 in
1314 431 1395 491 terra
1405 446 1459 492 sua

300 552 389 631 sunt,
419 544 566 612 abbatem
594 544 731 611 retinere
758 542 901 627 adiuvet,
931 546 964 609 et
990 562 1044 608 aas
1071 541 1221 628 precipue
1248 542 1458 627 possessiones,
1544 561 1545 568 ¹

301 683 378 749 quas
397 660 524 729 Iuditha
545 660 704 729 abbatissa
726 664 798 746 post
820 658 1050 745 depositionem
1072 679 1161 725 suam
1183 657 1349 739 alienarit;
1370 663 1401 723 ct
1417 658 1461 724 iu-
1544 661 1545 682 ³

300 799 438 863 rasores,
461 778 524 844 nisi
545 778 630 845 intra
650 777 783 861 triginta
804 775 872 842 dies
889 780 963 861 post
976 780 1123 863 acceptas
1136 775 1260 843 litteras
1274 774 1462 861 resipiscant,

301 895 559 963 excommunicet.

389 1011 469 1078 ltam
501 1009 597 1097 petit,
632 1014 668 1075 ut
699 1009 735 1075 in
762 1008 897 1076 eundern
923 1008 1054 1074 modum
1081 1006 1238 1075 scribatur
1265 1006 1464 1089 mormanno)

301 1126 453 1195 Ferdensi
474 1126 630 1213 episcopo.

390 1244 470 1310 Item
484 1242 574 1329 petit,
595 1246 633 1308 ut
647 1241 720 1309 duci
735 1236 889 1308 Saxonie¹
904 1240 938 1306 in
953 1239 1086 1307 eandem
1100 1240 1295 1305 sententiam
1308 1239 1467 1306 scribaau.

390 1359 470 1426 Itam
496 1358 592 1445 petit,
620 1362 745 1425 uttam
773 1354 953 1424 Coloniensi
979 1352 1231 1443 archiepiscopo¹
1259 1378 1358 1443 quam
1385 1355 1468 1422 Colo-

301 1476 406 1543 niensi
427 1473 595 1541 eccclesiae
617 1474 760 1557 districte
789 1479 822 1541 et
848 1474 926 1540 dure
948 1473 1104 1542 scribatur
1126 1473 1166 1539 de
1186 1465 1295 1541 ludiit
1315 1473 1469 1540 eolesam

303 1593 342 1659 de
356 1590 460 1659 lesika
474 1626 516 1637 -
532 1611 593 1677 que
616 1590 747 1659 ecelesia
769 1595 818 1657 est
839 1590 875 1656 in
894 1589 991 1656 fundo
1008 1595 1041 1656 ct
1054 1588 1416 1677 parrochia-Gelonieusi
1429 1626 1468 1637 —

303 1728 383 1795 quae
405 1726 469 1774 nou
491 1706 594 1775 solum
616 1706 723 1775 clausa
745 1712 777 1774 et
799 1712 940 1774 carrada
960 1726 1024 1773 non
1047 1711 1105 1790 est,
1129 1712 1178 1772 set
1192 1707 1287 1773 etiarn
1301 1728 1362 1793 per
1375 1712 1470 1773 lotan

302 1828 421 1892 terram
454 1843 526 1891 cum
553 1824 619 1891 suis
647 1823 883 1910 corruptoribus
911 1822 1037 1907 volitat,
1071 1829 1104 1889 et
1128 1822 1213 1890 bona
1238 1822 1470 1891 Kaminateusia

304 1940 500 2026 eecclesiae,
527 1961 546 2007 a
568 1961 630 2027 qua
651 1960 709 2027 per
730 1939 813 2007 boue
833 1940 986 2006 memorie
1007 1938 1161 2007 Thalnam
1182 1939 1376 2006 cardinalem
1398 1960 1470 2027 apo·

304 2058 412 2126 stoliae
440 2057 524 2125 sodis
552 2056 691 2141 legatum
719 2056 863 2143 deposita
883 2056 961 2141 fuit,
991 2061 1024 2123 et
1045 2057 1206 2123 sentencie
1226 2056 1472 2143 depositionisa

303 2174 417 2241 domuc
444 2194 528 2262 papa
548 2174 584 2240 in
606 2173 717 2240 sinodo
738 2172 887 2239 Remensi
909 2170 1103 2247 confirmata
1138 2172 1234 2257 Quae,
1256 2174 1322 2239 nisi
1343 2178 1398 2239 aut
1419 2173 1472 2240 da

302 2290 408 2377 posita
430 2294 485 2357 eut
507 2288 794 2357 excommunicetal
816 2289 921 2375 fuerit,
943 2289 1165 2360 nullomodo·
1188 2294 1350 2357 cessatura
1370 2295 1430 2357 est

306 2529 393 2601 252.
412 2530 569 2597 Wiboldas
593 2531 731 2598 Gaidom'
754 2532 835 2597 diac.
851 2532 936 2596 card.
953 2530 988 2596 S.
1004 2532 1131 2598 Mariae
1157 2534 1192 2597 ia
1212 2536 1338 2621 portica
1358 2535 1472 2615 scribit,

412 2671 445 2713 ce
469 2647 606 2713 Conrado*
632 2650 714 2735 repis
745 2650 883 2711 animam
913 2671 933 2712 a
963 2647 1093 2714 Graecia
1120 2660 1299 2736 conaptum
1319 2650 1473 2735 placasse.

413 2764 512 2829 sees
534 2764 572 2827 a
594 2762 701 2828 estsere
717 2741 897 2830 seelera
913 2765 1033 2829 assate
1049 2765 1312 2848 curassemus,
1337 2765 1475 2830 sasas

414 2880 491 2945 acini
506 2879 540 2947 S.
555 2880 693 2970 Rufinus
709 2881 855 2967 episcopi,
878 2891 1055 2945 sareanen
1067 2882 1299 2964 Roaaarwram5
1323 2883 1362 2945 de
1376 2881 1474 2945 Heia·

412 2997 477 3061 rico
500 2996 622 3060 notario
646 2995 690 3059 ad
707 3017 829 3083 papam
849 2998 951 3060 misso.
1313 2995 1366 3077 (M.
1384 2998 1474 3074 225.)

206 3140 277 3197 1150
390 3126 573 3194 Reverendo
596 3127 679 3214 patri
707 3146 764 3193 suo
795 3132 828 3193 et
849 3127 977 3195 domiuo
1000 3126 1162 3211 Gtuidoui)
1185 3135 1293 3195 sancte
1314 3129 1476 3196 Romanae

192 3217 286 3338 ,3330
304 3244 472 3313 eecclesiae
487 3242 617 3310 nasone
633 3239 803 3311 eranam
817 3242 1116 3328 oeeerwcouuue)
1131 3244 1193 3313 ue
1208 3245 1312 3331 grase
1325 3245 1369 3329 es
1392 3246 1475 3331 quea

304 3366 352 3429 est
365 3361 400 3427 in
415 3359 565 3427 aecclesia
576 3360 757 3445 catholicai,
774 3361 906 3445 exiguas
918 3361 1076 3427 emtioues
1088 3366 1121 3428 ct
1132 3362 1281 3429 deuotum
1295 3363 1474 3429 servicium.

393 3475 428 3543 Si
451 3475 619 3543 assiduitas
641 3477 906 3562 familiaritatem,
935 3478 963 3544 si
989 3477 1190 3545 familiaritas
1211 3478 1263 3545 vel
1290 3478 1474 3565 obsequium

302 3593 393 3661 nobis
416 3592 500 3679 apud
523 3596 661 3660 vestram
683 3593 903 3661 excellentiam
925 3593 1103 3661 dilectionis
1129 3596 1267 3679 gratiam
1287 3596 1473 3682 peperisset,

304 3708 490 3776 auderemus
505 3708 684 3777 celsitudini
698 3715 822 3777 vestrae
837 3710 991 3796 quaedam
1012 3712 1113 3778 tutius
1130 3712 1281 3793 scribere;
1306 3713 1474 3780 staretis

302 3826 436 3893 fortasse
457 3826 593 3911 quedam
615 3828 837 3913 reciperemus,
865 3847 945 3913 quae
967 3848 1032 3893 non
1054 3835 1159 3896 essent
1184 3828 1220 3895 iu
1241 3828 1302 3894 hoc
1322 3808 1473 3915 temporis

303 3946 389 4009 statu
402 3941 537 4008 inutilia
561 3942 662 4021 Quam
676 3942 825 4010 fiduciam
839 3944 923 4030 apud
938 3943 1050 4011 beatae
1059 3943 1287 4011 recordatiouis
1299 3943 1473 4011 Gnidonem

375 4114 396 4147 ι.
419 4101 518 4163 dissipat
537 4102 649 4149 metasse
670 4104 771 4161 eidemq
792 4108 823 4160 cf.
844 4122 879 4163 φ.
896 4104 942 4150 247
963 4121 1033 4162 supra
1051 4122 1076 4163 p.
1092 4104 1146 4151 870.
1217 4104 1241 4151 b.
1266 4106 1433 4153 excommunica
1452 4122 1471 4149 e.

304 4193 324 4227 a.
344 4180 412 4227 nrodc
428 4198 468 4228 oua
482 4198 501 4227 e.
565 4182 587 4227 d.
607 4181 719 4229 catholica
734 4200 776 4229 om.
790 4184 842 4230 eod.

375 4275 401 4329 1.
423 4275 553 4332 Heinrico
570 4277 666 4332 Leoni.
737 4279 762 4333 2.
782 4277 907 4334 Arnoldo
924 4278 948 4335 1.
1019 4280 1046 4334 3.
1064 4278 1209 4335 &Harma
1225 4277 1256 4334 lu
1273 4280 1393 4351 porticu.
