3117 4859
357 238 424 307 386
735 254 884 304 wmarnr
901 254 1069 309 mooun
1090 254 1145 303 seo.

269 404 339 461 ιιοο
445 396 616 483 Postquam
645 416 664 464 a
691 395 845 485 colloquio
867 401 972 465 umbro
998 396 1040 465 ad
1064 396 1289 465 monasterium
1309 402 1440 465 nusum
1455 416 1494 465 re

356 513 457 600 gressi
483 533 592 581 sumus
620 516 652 583 eb
672 518 739 581 tam
760 512 911 581 batribus
932 514 1050 582 nonnis
1073 533 1168 601 quem
1189 511 1417 581 abusionibus
1434 512 1496 580 Oen

356 630 491 699 baiensis
514 628 696 716 eooelesiae,
719 650 800 717 quae
821 631 906 718 apud
927 630 1059 699 Hamele
1079 634 1170 715 geete
1190 634 1275 715 sunl,
1296 629 1496 713 intimemus,

355 747 447 815 ualde
468 748 574 816 mirati
597 754 671 815 suut
693 752 725 815 et
746 746 923 832 doluerunt,
946 746 1031 835 quod
1044 746 1241 815 Gorbeieusis
1260 746 1416 830 aeoeleeia,
1434 764 1498 833 quse

354 884 411 933 vos
434 862 595 951 aliquanto
616 869 759 951 tempore
781 868 815 931 et
835 863 980 932 educant
1000 869 1034 932 et
1049 864 1196 948 erudivit,
1217 864 1252 930 in
1265 868 1500 950 nosuapuuom
1541 849 1542 900 ³

354 985 479 1047 tautum
507 981 550 1049 sit
573 1001 593 1047 a
613 980 702 1049 uobis
725 984 757 1047 et
779 1001 801 1048 a
820 980 935 1048 vetris
957 981 1105 1067 dmpeobe
1126 985 1159 1048 et
1179 985 1247 1048 tam
1266 980 1431 1047 indisereta
1448 984 1499 1045 tn·

355 1101 448 1165 eota
502 1095 664 1184 Siquidem
696 1096 928 1165 mmmvereeie
959 1097 1051 1165 nobis
1083 1097 1186 1185 primo
1219 1117 1278 1185 per
1309 1090 1500 1185 prepositum¹

355 1212 523 1283 oeoolesim
550 1219 693 1299 nostrae,
719 1213 833 1281 deinde
860 1213 996 1281 seeundo
1023 1234 1081 1301 per
1106 1212 1289 1281 Heinrioum
1316 1214 1500 1295 seoerdotsn,

356 1330 440 1418 quod
462 1331 504 1396 ad
523 1328 689 1418 puoilioum
705 1329 895 1417 colloquium
908 1350 967 1397 uos
980 1330 1146 1416 νοοοιοοίι,
1169 1336 1201 1398 et
1221 1350 1350 1398 eausam
1368 1334 1500 1432 nostran,

355 1468 435 1535 quae
456 1448 540 1515 inber
556 1466 613 1515 ros
636 1450 668 1515 et
689 1466 748 1515 nos
769 1447 835 1514 iam
856 1446 953 1515 obem
974 1466 1056 1514 anno
1078 1447 1145 1515 fere
1166 1442 1295 1533 querto'
1317 1467 1384 1515 non
1404 1445 1501 1531 absque

354 1564 538 1649 fatigatione
570 1584 687 1649 magna
717 1568 888 1648 muniatur,
921 1563 1056 1649 benigno
1087 1562 1152 1631 line
1182 1563 1405 1631 terminer-ebs
1449 1560 1501 1628 no

354 1681 475 1769 ipsum,
499 1700 571 1749 oum
592 1679 711 1749 advos
732 1675 955 1765 venissemus⁸,
976 1679 1012 1746 iu
1032 1684 1203 1768 eonspeetu
1223 1680 1325 1748 tocius
1346 1676 1502 1746 mullibrli·

354 1798 415 1883 nis,
441 1797 524 1867 sieut
545 1796 732 1884 dignitatem
754 1802 892 1866 vestram
914 1797 1028 1882 denuit,
1050 1796 1211 1865 eonfeesm
1231 1796 1352 1880 mistim
1380 1800 1429 1863 set
1445 1792 1502 1860 nm

355 1914 506 2000 ostendii,
535 1915 619 2001 quod
646 1934 711 1982 uon
737 1915 786 1983 ita
811 1914 846 1981 in
873 1932 968 2001 opere
994 1912 1077 1982 siem
1102 1914 1137 1981 in
1159 1934 1302 1981 sermone
1324 1910 1501 1980 exhibuisb's

353 2030 436 2099 Nam
464 2050 535 2099 oum
557 2030 646 2099 uobis
668 2036 735 2099 tam
756 2030 911 2098 voraciter
933 2050 1028 2117 quam
1049 2028 1211 2097 humiliter
1230 2030 1442 2098 innoeentiam
1458 2046 1503 2093 no

354 2153 454 2216 stram
475 2147 740 2236 probavissemus,
763 2152 797 2215 ot
817 2147 858 2215 (le
878 2143 998 2214 offensa
1011 2150 1127 2231 reema
1149 2147 1217 2214 sive
1237 2146 1307 2213 iuro
1324 2146 1394 2214 eive
1405 2144 1503 2211 iniuria

354 2266 510 2334 mneibeto
532 2270 625 2350 esset,
647 2264 736 2333 vobis
760 2264 1006 2333 satisfactionem
1026 2263 1240 2352 preberemus,
1261 2283 1326 2331 uon
1342 2262 1503 2330 solumueo
1544 2284 1545 2306 ι

354 2382 529 2470 recepistis,
557 2386 606 2449 set
627 2384 729 2449 totum
751 2380 918 2449 eomilium
940 2386 973 2449 et
986 2382 1116 2450 uerbum
1132 2384 1274 2449 vestrum
1293 2381 1329 2447 in
1351 2400 1406 2449 ore
1425 2378 1503 2445 laieo-

354 2520 435 2587 rum,
459 2518 532 2567 eum
552 2499 592 2565 de
614 2518 710 2566 eausa
731 2498 882 2565 esnouiea
902 2502 1057 2584 ageretur,
1079 2497 1245 2585 posuistis3
1268 2517 1379 2565 eorum
1391 2494 1502 2576 selba

355 2617 410 2704 qui
437 2636 605 2704 pomonam
631 2619 772 2681 nostram
800 2615 947 2701 grauibus
974 2613 1173 2683 contumeliis
1194 2612 1366 2681 affeeerunt
1387 2618 1420 2681 et
1438 2612 1503 2678 beu

355 2731 523 2801 aeoolesiae
546 2736 673 2799 nostrae
686 2730 839 2799 uiolenter
861 2738 895 2800 et
915 2752 973 2818 per
994 2730 1194 2815 manegium
1208 2730 1421 2818 diripueruut3
1441 2746 1502 2814 quo

354 2870 426 2917 rum
446 2870 503 2917 uos
530 2848 781 2917 eommunionem
806 2849 903 2916 immo
930 2847 1086 2916 familiare
1111 2846 1352 2916 contubernium
1374 2852 1407 2916 et
1425 2842 1502 2913 eolo

355 2966 464 3053 quium
486 2970 580 3052 etque
601 2964 775 3050 eonsilium,
799 2965 881 3032 sieut
902 2964 1133 3033 moelesiustiea
1152 2964 1245 3031 dooet
1257 2963 1433 3051 diseiplinu,
1452 2978 1503 3027 nou
1545 2953 1546 2956 ’

355 3081 547 3149 ἀιιὶοιοιὶιυ
573 3080 654 3166 Νοι,
681 3082 736 3169 qui
757 3082 984 3167 seripserumus
1005 3081 1111 3165 robis,
1134 3081 1217 3167 quod
1239 3081 1280 3148 ad
1300 3100 1411 3168 paoem
1430 3075 1502 3146 reni·

355 3218 475 3283 remus,
504 3198 563 3265 hoe
588 3198 776 3265 babentes
767 3217 802 3265 ιιι
828 3197 921 3265 eorde
953 3198 1037 3284 quod
1062 3196 1266 3265 babuimus
1256 3217 1291 3263 m
1311 3216 1382 3283 ore,
1409 3210 1502 3283 poem
1544 3225 1546 3312 p

356 3312 444 3381 uobis
466 3313 634 3381 obtulimus
657 3320 690 3382 et
711 3334 805 3401 opere
828 3318 860 3381 et
881 3313 1022 3381 veritate
1070 3312 1126 3381 Set
1146 3314 1222 3400 quia
1241 3334 1306 3402 pax
1326 3318 1434 3381 nostra
1451 3328 1546 3377 nou

355 3430 518 3531 respondit
532 3430 632 3515 robis,
654 3430 866 3517 poteramus
856 3450 926 3497 rure
947 3435 1055 3499 nostro
1076 3450 1134 3517 pro
1156 3430 1264 3498 mullis
1286 3426 1501 3514 gravaminibus

355 3546 472 3613 nostris
494 3546 680 3635 appellasse,
702 3546 783 3613 nihil
795 3552 950 3632 verentes,
973 3546 1056 3633 quod
1071 3546 1132 3614 boe
1144 3547 1357 3635 nobisposset
1369 3544 1501 3624 aonidum

356 3662 439 3747 quod
453 3667 556 3731 uestro
579 3663 685 3732 abbati
701 3664 740 3731 de
755 3660 880 3731 Insula‘
892 3664 928 3730 iu
942 3682 1002 3731 sue
1015 3661 1226 3750 appellatione
1240 3663 1380 3748 contigit
1410 3659 1502 3729 Soleui

356 3777 440 3845 enim
466 3776 540 3846 laiei
561 3781 658 3849 vestri
685 3780 837 3848 distriebis
864 3778 978 3863 gladiis
1007 3778 1047 3845 de
1071 3778 1351 3866 appellationibus,
1377 3770 1502 3865 quaeri

356 3893 505 3963 domnum
530 3916 648 3984 papam
668 3894 763 3981 fiunt,
790 3896 940 3965 iudicare
975 3894 1037 3974 Qui
1062 3914 1147 3963 nuno
1172 3897 1207 3963 in
1233 3894 1387 3983 oolloquio
1412 3896 1501 3960 rouo

427 4105 452 4160 1.
475 4104 667 4163 Adelbertum.
741 4108 768 4163 2.
791 4107 864 4165 Hine
885 4108 986 4180 liquet,
1009 4106 1154 4177 epistolam
1177 4105 1249 4163 bauo
1270 4122 1343 4163 enno
1367 4104 1432 4161 11⁵0
1450 4112 1500 4158 em

356 4194 495 4264 sonoram.
528 4194 748 4252 controversiam
771 4195 847 4252 illam
871 4196 943 4254 enim
967 4194 1071 4253 mimus
1093 4195 1148 4251 iem
1170 4210 1205 4251 ex
1227 4212 1263 4251 m.
1281 4193 1427 4253 Februario
1444 4184 1498 4246 mal

357 4283 426 4339 1147
444 4282 564 4341 fluxisse.
581 4283 616 4341 V.
630 4299 673 4355 ep.
687 4284 740 4340 180
753 4300 838 4355 supra
850 4300 877 4355 p.
890 4287 942 4342 eol
959 4302 988 4341 ιι.
1000 4286 1028 4340 2.
1080 4284 1271 4341 &immolem
1322 4285 1350 4340 4.
1360 4272 1496 4339 munisti

357 4370 387 4427 8.
398 4372 518 4428 llauritii
534 4373 570 4429 de
586 4372 681 4430 Insula
698 4371 761 4442 (suf
774 4372 838 4430 (lem
850 4374 977 4444 werden)
994 4388 1082 4445 propo
1097 4372 1228 4430 lindum.
