3117 4859
324 250 389 319 144
712 268 863 317 wmmnr
881 267 1047 317 semrom
1065 267 1104 315 11

325 411 386 483 68.
410 412 562 481 Haece
588 412 805 481 Romanorum
838 435 896 478 rsa·
921 412 1066 500 Eugem'o
1089 410 1145 477 ΠΙ
1161 433 1271 498 popae
1297 408 1477 475 1111111111

410 514 580 595 Hera-imm
594 530 859 617 archiepiscopum
871 528 1089 617 Mamaeam
1103 540 1133 593 et
1149 526 1324 594 Wibaldcm
1338 528 1478 593 11111111

409 646 462 712 De
485 648 602 734 Apaetc
624 648 746 713 dacisca
769 646 920 711 Pelopiae
940 646 1130 710 restituenda
1150 644 1299 710 bortatur.
1348 639 1404 723 (11.
1417 639 1479 722 56.)

225 790 292 845 1141
409 778 654 846 Dilectissimo'
645 798 679 847 rn
700 778 905 845 Christot
848 783 905 866 pat
906 779 935 846 ri
953 778 1096 861 Eugeuio
1118 796 1240 844 summo
1263 781 1296 842 et
1315 772 1480 841 uniuersali

215 878 235 911 ⁰
247 863 304 911 ⁰⁰⁰’
320 894 462 984 pontifici
483 894 637 963 Henricus
652 894 712 963 Dei
734 896 837 981 gratia
859 894 1071 962 Romanorum
1089 914 1147 961 rex
1167 892 1297 960 filialem
1308 913 1367 980 per
1383 891 1481 959 omnia

321 1012 520 1080 dilectionem
543 1018 574 1080 et
596 1012 765 1082 debitam
756 1034 792 1079 m
813 1012 951 1079 Domino
973 1012 1191 1079 reverentiam

411 1129 578 1197 Sanctae
611 1136 734 1197 uestrae
771 1130 847 1197 totis
880 1130 978 1197 animi
1011 1130 1131 1197 viribus
1164 1127 1280 1195 multas
1313 1125 1483 1210 gratiarum

322 1246 460 1314 actiones
488 1246 669 1331 referimus,
705 1247 789 1333 quod
814 1245 935 1331 legatos
962 1250 1088 1313 nostros
1116 1251 1149 1313 et
1173 1244 1296 1312 litteras
1324 1241 1484 1309 aiiecdoue

320 1368 454 1451 paterna
476 1364 669 1451 suscepistis,
693 1368 726 1430 et
740 1362 931 1430 dulcissimis
945 1364 1105 1451 responsis
1119 1363 1233 1430 vestris
1245 1364 1391 1427 noemam
1405 1363 1485 1426 1111-

320 1484 386 1547 tem
414 1480 454 1547 ad
482 1480 607 1548 diuinae
629 1480 792 1565 religionis
813 1479 934 1547 cultum
956 1485 988 1547 et
1010 1486 1137 1547 sauctae
1160 1478 1327 1547 aecclesiae
1348 1496 1486 1545 amorem

320 1595 454 1681 benigne
475 1598 687 1682 informastis,
717 1602 749 1663 et
771 1596 810 1664 de
833 1596 977 1664 absentia
998 1598 1100 1665 incliti
1122 1598 1222 1684 patris
1244 1594 1364 1680 nostri,
1395 1592 1488 1661 111111

320 1714 429 1799 ntique
451 1712 646 1781 devotissimi
668 1712 741 1798 lilii,
792 1714 858 1780 iem
881 1718 913 1781 et
935 1712 1094 1781 efficacem
1116 1712 1382 1780 consolationem·
1405 1708 1488 1777 exhi·

320 1828 442 1897 buistis.
477 1830 598 1898 Vestris
622 1850 696 1914 ergo
719 1830 805 1917 apud
819 1830 922 1897 Deum
940 1830 1219 1898 interuenientibus
1234 1828 1368 1913 meritis,
1394 1847 1488 1914 qnan-

321 1950 389 2013 tum
416 1968 474 2033 per
499 1948 600 2035 ipsius
624 1948 758 2032 gratiam
781 1952 884 2014 aetate
907 1951 939 2014 et
960 1923 1117 2015 industria
1139 1944 1289 2033 proficere
1310 1962 1488 2031 possumus,

320 2063 517 2131 tantumdem
544 2064 578 2129 in
605 2069 729 2131 uestrae
757 2084 911 2153 personae
939 2070 972 2131 11
993 2068 1210 2132 sacrosanctae
1231 2062 1393 2129 Romanae
1423 2078 1488 2127 aec

321 2178 434 2247 clasiae
468 2180 666 2247 dilectionem
700 2200 737 2247 ac
768 2182 866 2248 totius
899 2179 1070 2249 catholicae
1099 2180 1248 2248 ecclesiae
1276 2178 1489 2246 defensionen

321 2297 499 2363 crescimus.
536 2296 698 2383 Siquidem
725 2302 817 2385 pater
837 2303 960 2383 noster,
990 2296 1121 2366 anobis
1143 2297 1202 2365 sub
1223 2294 1338 2364 vexillo
1362 2298 1490 2361 sanctae

321 2413 422 2479 crucis
455 2413 621 2499 recedens,
655 2413 733 2480 haec
761 2413 851 2481 nobis
881 2435 1051 2503 supprema
1079 2420 1110 2481 et
1137 2413 1322 2480 multociens
1354 2412 1490 2498 repetita

320 2530 471 2596 mandata
496 2530 640 2617 reliquit,
669 2535 705 2596 ut
731 2550 788 2597 vos
815 2532 897 2598 sicut
924 2533 1030 2619 ipsum
1056 2529 1147 2596 filiali
1174 2534 1206 2597 et
1233 2529 1344 2595 intimo
1377 2526 1489 2595 affectu

320 2646 537 2732 diligeremus,
565 2652 601 2713 ut
630 2647 649 2713 1
676 2647 780 2732 vobis,
810 2652 963 2734 tanquam
991 2647 1011 2713 1
1037 2646 1218 2714 fidelissimo
1247 2646 1339 2713 etatis
1362 2650 1489 2711 nostrae

319 2768 433 2848 tutore,
456 2784 567 2830 uerum
590 2763 810 2830 consiliumet
833 2769 1013 2851 competens
1037 2764 1226 2831 adiutorium
1245 2764 1384 2829 inomni
1400 2781 1489 2849 opor-

319 2880 454 2947 tunitate
476 2884 586 2946 nostra
608 2900 815 2967 speraremus.
851 2880 887 2947 In
910 2901 971 2967 quo
993 2881 1128 2948 traditae
1148 2880 1239 2947 nobis
1254 2880 1293 2947 ab
1308 2877 1382 2965 ipso
1398 2879 1490 2946 disci·

319 2995 426 3082 plinae
448 2996 610 3081 proposito
634 3001 814 3064 constanter
835 3002 1064 3083 permanentes,
1091 2996 1295 3063 reverendam
1316 2995 1413 3063 nobis
1435 3016 1489 3083 pa-

320 3112 502 3178 ternitatem
524 3116 663 3179 uestram
685 3112 738 3198 pio
762 3112 866 3180 studio
889 3113 1072 3198 salutamus,
1100 3118 1234 3198 orantes,
1258 3118 1294 3179 ut
1315 3113 1489 3200 peticiones

319 3232 456 3311 nostras,
480 3248 560 3313 quae
582 3228 616 3293 in
638 3228 786 3296 subiectis
808 3230 973 3315 habentur,
995 3230 1081 3297 intre
1096 3228 1263 3297 efficatiam
1277 3229 1489 3296 exauditionis

321 3344 505 3411 admittatis.
584 3342 726 3411 Primum
749 3347 885 3433 quidem,
907 3352 943 3413 nt
965 3346 1169 3414 karissimum
1189 3346 1281 3413 nobis
1302 3351 1433 3432 patrem
1455 3364 1490 3412 ac

319 3466 536 3548 preceptorem
572 3467 665 3547 atque
701 3462 876 3531 adiutorem
908 3467 1052 3531 nostrum
1078 3461 1250 3531 Henrioum
1275 3462 1489 3532 renembilem

319 3575 538 3662 llogtmtinum
562 3578 831 3666 archiepiscopum
856 3600 914 3647 nec
941 3601 1006 3647 non
1033 3580 1111 3648 alios
1135 3576 1400 3667 archiepiscopos,
1425 3578 1489 3667 epi·

320 3714 441 3780 scopos,
466 3693 605 3781 abbates,
627 3695 805 3783 prepositos
828 3716 884 3764 111
906 3702 1025 3765 ceteras
1047 3718 1209 3784 personas,
1233 3716 1312 3784 qaae
1335 3696 1375 3764 de
1391 3714 1488 3780 reguo

318 3810 573 3899 patris·n0stri¹’,
597 3812 638 3879 ad
659 3814 748 3880 cuius
771 3816 999 3881 successionem
1013 3812 1074 3881 Dei
1094 3814 1249 3898 largiente
1270 3813 1489 3881 misericordia

320 3928 457 3995 ordinati
479 3948 597 4013 sumus,
628 3929 669 3995 ad
689 3934 829 3997 uestram
851 3930 1044 4017 presentiam
1065 3936 1240 4016 transeunt,
1263 3930 1412 3997 clementi
1435 3928 1488 3997 bo-

318 4046 419 4113 nitate
442 4045 621 4132 suscipiatis
646 4067 760 4133 eosque
784 4049 1006 4115 ammonitione
1029 4048 1147 4132 sedula,
1172 4048 1253 4134 quod
1274 4048 1437 4135 patienter
1458 4050 1488 4113 et

319 4163 443 4231 fortiter
469 4162 643 4230 absentiam
664 4165 765 4250 patris
787 4166 888 4232 nostri
909 4165 1013 4232 ferant
1033 4169 1066 4231 et
1086 4170 1229 4231 nostram
1250 4164 1390 4231 indolem
1412 4164 1487 4231 edu·

319 4300 391 4349 care
420 4280 582 4365 studeant,
616 4280 777 4347 exhortari
803 4300 868 4348 non
895 4282 1055 4367 abnuatis,
1088 4282 1236 4367 quatinus
1265 4287 1297 4349 et
1323 4282 1388 4368 ipsi
1415 4298 1487 4348 cum

390 4418 412 4452 a.
432 4404 498 4453 nobis
513 4406 626 4454 1111111111
641 4406 736 4454 omar.
798 4406 820 4453 b.
842 4409 963 4469 cunipert
978 4408 1082 4454 additam
1097 4416 1138 4454 eat.
