3117 4859
586 173 673 241 72
1284 182 1688 233 carnosus
1733 180 2242 231 conumsmu

473 352 478 358 ’
584 328 1002 415 Adelbertus‚
1050 327 1455 413 CounraduS,
1501 325 1913 410 Adelbertus,
1958 323 2152 410 Cone,
2199 323 2648 409 Meinwardus,
2692 322 2934 392 Frithe·

301 573 445 632 1143
463 603 532 614 -

183 707 197 746 ⁸
310 645 522 770 ΜῙιξ-ἓξι

347 815 491 873 1146

246 893 358 953 Apr.
367 915 417 924 -
432 889 533 936 Oct.
543 888 573 934 8

254 1319 577 1381 1081-1128

586 450 782 533 ricus,
828 446 1213 530 Bruningus.

766 565 1111 632 Domnus
1156 559 1581 628 Heinricus
1641 557 1876 625 abbas
1944 558 2252 645 prefuit
2303 578 2456 625 non
2511 557 2758 645 plene
2799 558 2943 625 tri-2

590 684 738 752 bus
786 676 1066 748 annis¹.
1143 675 1487 757 Abraham,
1532 671 1979 742 Marcwardus.

773 799 1116 867 Domnus
1162 791 1591 859 Heinricus
1638 789 1875 858 abbas
1921 791 2218 878 prefuit
2259 811 2565 860 menses
2594 794 2657 859 6.
2731 790 2946 859 Obiit·

595 920 636 985 8
680 916 864 983 Idus
911 909 1332 980 Octobris·.

1236 1138 1564 1218 NOTAE
1635 1139 2295 1220 GORBEIENSES.

772 1295 846 1363 In
900 1291 1100 1377 regali
1145 1291 1299 1359 villa
1341 1289 1633 1358 Goslaria
1687 1291 1949 1358 ecclesia
2001 1298 2098 1359 est
2139 1313 2254 1379 per
2300 1290 2558 1359 abbates
2600 1290 2946 1360 Marcwar-

594 1414 745 1483 dum
758 1408 782 1442 ²
828 1417 893 1478 et
946 1409 1413 1476 Erkenbertum
1428 1401 1450 1436 ⁸
1494 1408 1561 1474 in
1618 1407 1854 1475 honore
1913 1410 2116 1475 sancti
2155 1409 2290 1476 Viti
2346 1413 2725 1476 constructa.
2824 1409 2948 1477 Ubi

595 1532 1061 1598 commanentes
1116 1524 1331 1592 fideles
1387 1525 1850 1591 fraternitatem
1904 1525 1972 1591 in
2027 1523 2262 1592 honore
2317 1526 2596 1592 eiusdem
2649 1529 2841 1614 pueri
2888 1533 2950 1594 et

592 1645 873 1714 martiris
930 1642 1413 1726 inchoaverunt,
1469 1642 1540 1706 in
1596 1662 1721 1727 qua
1775 1640 2132 1708 huiusmodi
2190 1642 2653 1738 observantiam
2707 1645 2947 1711 consti-

591 1766 879 1831 tuerunt:
927 1759 1086 1826 Cum
1135 1759 1275 1845 quis
1305 1758 1523 1843 intrat,
1571 1755 1840 1824 solidum
1867 1763 2222 1844 presentat3
2269 1758 2336 1824 in
2365 1759 2706 1826 festivitate
2739 1763 2947 1828 sancti

593 1880 728 1947 Viti
775 1876 1184 1960 conveniunt,
1244 1895 1557 1962 pauperes
1601 1874 1779 1959 large
1823 1872 2143 1958 reficiunt,
2202 1895 2362 1961 quae
2407 1879 2948 1962 comportaverint

484 2064 490 2073 ,
593 1997 661 2062 in
704 1994 819 2060 hos
865 2013 1018 2059 usus
1064 1996 1354 2075 erogant3
1413 1992 1469 2057 si
1515 1992 1656 2076 quis
1701 1998 1905 2057 morte
1950 1991 2209 2076 obierit,
2268 1997 2397 2058 tres
2444 1991 2675 2060 solidos
2722 1996 2946 2061 statim

421 3354 550 3410 Il-Effl

405 3438 514 3482 Anu-
542 3430 562 3470 Ε

425 3886 437 3934 l
457 3878 570 3970 lsslssjss

596 2113 656 2180 ei
699 2110 982 2193 mittunt,
1030 2129 1226 2175 unum
1271 2128 1387 2194 pro
1420 2127 1567 2174 cera
1596 2107 1677 2173 ad
1707 2108 1840 2174 dies
1873 2109 1979 2192 30,
2029 2107 2184 2174 alios
2214 2129 2331 2196 pro
2365 2109 2536 2175 victu
2563 2129 2945 2197 pauperum,

596 2232 667 2295 ut
689 2222 823 2292 'fiat
868 2224 1211 2291 elemosina
1255 2243 1445 2310 super
1490 2223 1729 2309 funere,
1777 2245 1936 2309 quae
1983 2225 2408 2311 superfuerint
2448 2226 2527 2292 de
2568 2233 2834 2312 argento
2867 2228 2948 2294 ad

595 2342 955 2425 luminaria,
1004 2340 1086 2406 ad
1129 2345 1299 2407 tecta
1340 2340 1442 2407 vel
1488 2340 1644 2407 alios
1691 2361 1842 2406 usus
1889 2341 2147 2407 ecclesie
2190 2341 2361 2408 illius
2407 2343 2677 2426 dabunt3
2723 2345 2946 2411 fratri-

595 2460 714 2526 bus
749 2478 898 2524 vero
943 2457 1177 2523 nostris
1221 2456 1290 2523 in
1320 2457 1605 2542 Corbeia,
1655 2477 1922 2544 quorum
1952 2458 2340 2525 orationibus
2372 2479 2439 2526 se
2470 2461 2945 2546 commiserunt,

599 2575 824 2659 cuique
870 2573 1129 2640 obeunti
1172 2580 1301 2641 tres
1348 2573 1581 2641 solidos
1629 2574 1920 2657 dirigent,
1968 2594 2123 2658 quos
2169 2581 2379 2642 custos
2423 2577 2516 2644 ibi
2560 2578 2805 2644 obitum
2852 2579 2946 2645 di-

596 2691 807 2774 rigens
863 2690 1127 2777 recipiet
1182 2695 1245 2757 et
1300 2711 1417 2777 pro
1475 2691 1688 2756 anima
1739 2690 1955 2757 fratris
2000 2710 2116 2776 per
2163 2691 2296 2758 dies
2343 2694 2430 2758 30
2472 2693 2540 2759 in
2583 2691 2945 2763 luminariis

599 2811 665 2875 et
710 2807 1065 2874 elemosinis
1111 2827 1228 2893 pro
1275 2806 1483 2873 debito
1519 2806 1849 2893 expendet.
1919 2805 2287 2874 Memoriam
2316 2808 2570 2875 illorum
2600 2815 2731 2876 tam
2763 2812 2945 2878 vivo-

597 2944 742 2990 rum
798 2944 987 3010 quam
1040 2928 1431 2988 mortuorum
1474 2923 1702 2990 intenti
1744 2923 2046 2990 faciemus
2093 2930 2157 2991 et
2200 2926 2268 2990 in
2311 2925 2533 3010 vig-ilia
2574 2928 2781 2993 sancti
2811 2927 2946 2995 Viti

606 3042 890 3106 [iffll'lihtffi
938 3042 1005 3104 in
1051 3058 1127 3105 ea
1169 3038 1479 3106 defunctis
1524 3039 1932 3126 compulsatis
1979 3040 2176 3125 signis
2221 3042 2481 3108 missam
2524 3047 2596 3108 ut
2641 3043 2785 3110 aliis
2816 3045 2946 3111 fra-

602 3158 802 3222 tribus
854 3156 1082 3222 rnrffitris
1128 3154 1407 3222 studiose
1451 3156 1863 3223 cantabimus,

782 3338 966 3402 Αωῑῡ
1023 3335 1472 3403 incarnationis
1531 3335 1884 3403 dominicae
1943 3337 2112 3403 1133
2168 3335 2513 3405 indictione
2574 3340 2649 3404 11
2699 3340 2946 3426 epactis

606 3454 993 3518 &stantunus
1043 3454 1146 3536 12,
1192 3452 1335 3519 cicli
1380 3472 1626 3539 quoque
1670 3452 1910 3519 lunaris
1957 3472 2120 3519 anno
2173 3455 2275 3539 13,
2320 3458 2365 3520 4
2394 3454 2609 3522 Nonas
2643 3455 2943 3541 Augusti,

606 3570 748 3632 luna
798 3570 902 3646 ΞῖἛ
950 3569 1157 3636 media
1200 3568 1301 3637 die
1345 3569 1515 3641 facta
1560 3575 1658 3641 est
1702 3568 1953 3656 eclipsis
1999 3567 2151 3636 solis
2181 3574 2315 3637 tam
2346 3572 2632 3657 obscura,
2677 3576 2750 3639 ut
2775 3592 2945 3659 pene

606 3686 766 3750 muz-ti
818 3690 1264 3770 mmequaretur
1308 3691 1372 3753 et
1415 3685 1636 3752 stellae
1680 3683 1892 3772 plures
1938 3692 2362 3754 cernerentur.

786 3866 1088 3950 Tempore
1147 3864 1359 3930 domni
1409 3859 1759 3932 Folcmari⁴
1803 3863 2048 3932 abbatis
2092 3865 2262 3933 facta
2305 3871 2401 3934 est
2445 3866 2732 3954 ecclipsis
2788 3867 2942 3935 solis

413 3958 518 4002 Μ·
546 3964 570 3990 '⁴
610 3990 750 4046 :rute
798 3982 961 4046 :lieu-1
1006 3981 1385 4047 inventionis
1433 3981 1636 4048 sancti
1683 3981 1988 4068 Stephani
2026 3984 2511 4069 protomartiris,
2582 3983 2764 4052 Unde
2792 4006 2941 4053 con-

758 4142 771 4166 1
830 4141 986 4170 :rmum
1014 4139 1133 4170 enee.
1162 4123 1268 4171 XV
1290 4123 1478 4169 addidit
1507 4123 1607 4169 Dis
1637 4122 1932 4171 Wickvoldnu
1964 4125 2024 4171 28
2056 4125 2212 4171 abbo.

639 4239 650 4246 =
750 4214 794 4262 1.
846 4210 1090 4266 *iniectus
1124 4225 1176 4264 a.
1204 4208 1342 4266 1146
1376 4209 1535 4265 Mart.
1559 4211 1649 4266 21.
1791 4210 1844 4265 2.
1894 4211 2281 4268 1081—110‘1.
2425 4213 2479 4268 3.
2527 4213 2914 4271 1107-1128.

602 4300 654 4350 ὲ1ψ
698 4298 1075 4356 Marianas.
