3117 4859
389 267 537 316 wmsrmr
557 265 745 316 merom
764 265 819 314 sor.
835 265 890 314 sos.
1157 249 1223 318 637

54 407 239 496 temporalis
262 429 358 478 surse
378 407 505 478 dotibus
528 409 696 495 agitentur,
718 429 787 496 nos,
808 408 844 476 in
862 407 949 476 illius
962 415 1054 497 petre
1067 409 1225 479 soliditate
1256 412 1327 472 1152

54 527 195 612 fundati,
224 547 305 613 quoe
331 528 366 594 in
391 527 596 596 fundamento
625 527 741 595 meruit
764 525 933 594 aecclesiae
954 526 1117 611 collocari,
1145 527 1227 595 siout
1242 489 1341 550 ΜΠ

55 664 121 714 noo
143 644 292 712 debemus
313 645 360 711 ito
380 663 440 712 neo
461 643 605 712 volumus
628 644 715 712 omni
736 645 831 711 vento
852 644 1049 711 circumferri
1066 644 1228 712 doctrines

56 765 114 829 out
134 761 155 828 t
175 769 335 828 sacrorum
358 780 514 830 canonum
527 760 716 828 rectitudine
736 760 876 848 impulsu
891 761 996 846 aliquo
1010 760 1147 846 dedere,
1169 779 1228 848 per

54 878 219 968 presentie
238 878 327 946 uobis
351 879 469 965 scripta
489 877 686 963 mmdamus,
710 883 863 964 quotenus
885 895 999 946 cauom
1019 878 1075 945 isti
1086 878 1228 946 fororem

54 994 190 1062 ulterius
211 1015 275 1064 uon
297 995 455 1083 premetis,
478 998 510 1062 et
533 995 618 1081 opud
638 994 842 1062 karissimum
863 992 964 1060 filium
984 1000 1129 1061 nostrum
1144 993 1229 1077 F(ri-

55 1112 228 1198 derioum),
255 1132 348 1199 quem
370 1111 456 1180 Deus
479 1111 538 1178 boo
558 1116 701 1198 tempore
726 1131 786 1200 pro
813 1111 968 1179 serrendo
991 1110 1137 1179 libertote
1159 1131 1229 1180 oec-

55 1228 173 1298 clesioe
199 1229 233 1295 in
261 1229 464 1296 eminentiam
491 1228 582 1312 regni
604 1229 724 1314 evexit,
754 1226 878 1296 efficere
899 1229 1014 1296 restris
1037 1228 1229 1296 exhortatio-

55 1346 152 1414 nibus
174 1346 342 1432 coemes,
370 1351 407 1414 ut
429 1346 550 1435 etipse
573 1345 593 1412 t
614 1364 672 1412 suo
693 1365 789 1433 super
816 1346 876 1413 boe
900 1345 1075 1413 intentione
1098 1345 1231 1414 desistet

56 1467 94 1531 et
114 1468 224 1530 contre
245 1462 349 1531 Deum
376 1467 409 1531 et
435 1468 545 1530 contro
567 1481 673 1530 sacros
696 1462 837 1547 ordines,
867 1467 978 1529 contro
998 1463 1104 1547 regiae
1127 1462 1230 1547 digni-

55 1581 136 1648 tatis
158 1577 296 1648 officium
318 1580 421 1648 eidem
443 1597 555 1646 musso
569 1579 710 1646 fororem
726 1598 818 1645 suum
830 1597 896 1645 non
909 1577 1043 1646 ulterius
1056 1578 1230 1666 impendet,

57 1703 110 1765 set
132 1697 301 1764 molesios
314 1695 566 1782 Medebmgemi,
589 1697 671 1763 sicut
692 1700 725 1762 et
747 1695 819 1761 eliis
841 1695 1001 1762 eccclesiis
1022 1696 1113 1780 regui
1130 1695 1232 1763 tDeo

57 1813 123 1882 sibi
144 1814 313 1898 commissi,
336 1813 468 1881 liberem
488 1813 671 1881 fucultatem
686 1831 778 1900 quem
793 1812 930 1880 voluerit
942 1812 1114 1880 secundum
1128 1812 1232 1881 Deum

56 1930 198 2016 eligendi
219 1931 391 2019 relinquet,
421 1937 454 1999 et
475 1931 659 1998 electionem
679 1931 784 2018 ipsum
811 1929 1015 2017 postmodum
1034 1930 1143 1998 fauore
1164 1950 1232 2017 suo,

57 2049 146 2118 siout
159 2049 248 2116 decet
261 2051 460 2117 maiestatem
474 2049 604 2134 repom,
627 2052 846 2136 prosequetur.
879 2047 946 2115 Nos
960 2065 1047 2132 vero,
1069 2049 1108 2133 si,
1132 2048 1234 2134 quod·

57 2167 222 2255 desupra
248 2167 333 2234 dioto
359 2166 458 2233 bobo
484 2170 594 2233 nosue
621 2165 725 2233 fucere
753 2165 883 2250 nititur,
909 2164 1088 2232 videremus
1109 2165 1235 2232 ratione

56 2283 178 2368 fulciri,
200 2303 259 2352 neo
280 2283 436 2350 voluntati
457 2283 524 2350 eius
545 2301 604 2350 nec
618 2281 823 2370 postulationi
836 2286 961 2348 vernes
975 2280 1160 2347 duceremus
1176 2279 1234 2346 uli·

58 2405 217 2488 quotenus
240 2400 446 2483 obviandum3
469 2403 579 2466 contre
599 2397 704 2465 Deum
726 2402 832 2466 eutem
854 2401 887 2465 et
903 2415 1064 2464 sacrorum
1078 2415 1234 2463 cononum

57 2517 241 2586 sanctones
262 2517 342 2585 nulli
364 2517 490 2584 omniuo
516 2513 667 2602 peticioni
691 2534 860 2602 possumus
881 2513 1014 2601 prebere
1036 2532 1232 2580 consensum,

57 2633 148 2704 Doto
170 2633 297 2721 Signiae
322 2637 362 2702 16
385 2633 454 2702 Kal.
471 2630 675 2720 Septembris.

58 2847 155 2922 403.
175 2849 338 2938 Ecquem
358 2846 414 2915 m
430 2869 521 2937 popa
545 2845 686 2912 Wiboldo
714 2845 870 2932 capotium
897 2845 966 2926 dot,
995 2853 1031 2909 ot
1050 2843 1236 2930 Adelyotum

177 2969 353 3056 episcopum
366 2965 541 3032 &emeno
552 2961 714 3029 Μαΐου
725 2961 747 3028 I
755 2962 824 3048 repo·
838 2961 1042 3045 commendet5
1058 2961 1165 3025 corios
1181 2959 1236 3025 Ut-

174 3086 287 3152 meoor's
309 3085 428 3150 decreto
442 3083 580 3166 resistat,·
602 3081 670 3167 rept'
683 3080 810 3161 condet,
833 3079 994 3144 Romanor
1001 3088 1132 3164 praeter
1145 3099 1235 3143 ωηα-

176 3213 258 3268 tores
272 3211 301 3267 et
314 3183 450 3266 mm
466 3201 558 3264 etium
571 3199 790 3286 inoperawmn
805 3205 963 3261 memor
977 3217 1048 3260 esee.
1078 3190 1132 3274 (M.
1145 3190 1235 3274 383.)

153 3335 315 3420 Eugenius
339 3334 504 3420 epiecopus
528 3351 636 3398 seruus
659 3348 821 3396 seruorum
842 3327 905 3395 Dei
931 3327 1046 3395 dilecto
1071 3325 1137 3394 filio
1159 3325 1237 3394 Gor·
1273 3342 1343 3399 uto

57 3455 185 3526 beiensi
208 3451 314 3520 sbboti
336 3452 470 3518 sulutem
492 3453 524 3516 et
545 3445 752 3535 apostolieum
773 3445 1032 3514 benedictionem
1253 3417 1357 3479 ΜΗ

154 3569 205 3639 De
227 3589 360 3657 quorum
381 3587 463 3656 puro
486 3563 650 3633 devotione
678 3563 797 3649 ubsque
823 3561 1019 3630 dubitatione
1041 3558 1236 3644 confidimus,

59 3691 111 3758 eis
134 3686 327 3756 confidenter
349 3684 589 3767 committimus,
614 3679 696 3768 quod
719 3679 813 3764 digno
836 3680 979 3767 cupimus
1001 3676 1126 3746 effectui
1147 3693 1237 3742 mon·

58 3806 176 3896 cipori
210 3804 288 3872 Inde
311 3807 374 3889 est,
404 3799 487 3888 quod
515 3797 639 3866 ceritati
666 3800 739 3864 tuoe
769 3815 897 3862 oousom
918 3794 1107 3863 venerabilis
1128 3791 1237 3859 fratris

57 3924 169 3993 nostri
190 3920 363 4006 A(delgoti)
385 3917 545 3986 Gurieusis
569 3913 708 4004 episcopi
735 3912 887 3980 attentius
910 3911 1057 3979 duximus
1079 3927 1238 3978 commen·

60 4041 220 4111 dandum:
254 4041 407 4125 quotenus
430 4071 471 4082 —-
495 4039 550 4102 tuo
579 4037 611 4102 et
638 4032 773 4100 frenum
801 4033 981 4096 nostrorum
1008 4028 1238 4116 episcoporum,

60 4158 121 4246 qui
145 4155 187 4224 sd
207 4154 370 4223 karissimi
390 4151 448 4220 dlii
469 4151 570 4220 nostri
584 4149 763 4234 F(riderici)
778 4146 991 4215 Romanorum
1012 4144 1096 4229 regis
1118 4141 1239 4209 curiam

59 4273 299 4360 convenerint,
327 4269 457 4342 consilio
485 4275 518 4338 ot
543 4267 661 4337 auxilio
682 4267 783 4340 fretus
805 4301 847 4312 -
870 4281 930 4332 uec
948 4260 1114 4331 inhoneste
1133 4258 1239 4328 uerbis

140 4431 163 4474 s.
182 4417 238 4486 quid
253 4434 273 4466 c.
344 4415 368 4471 b,
383 4407 505 4470 consenui
520 4429 540 4466 e.
