3117 4859
382 273 684 338 onnosoonaruns
706 285 927 337 ooannmnsm
1192 267 1236 336 59

71 429 233 514 muneri,
261 430 441 498 omnimodo
467 429 634 517 prohibere
661 431 784 515 sategit.
831 429 979 496 (lassatur
1006 435 1110 496 autem
1136 427 1236 496 domi·
1273 429 1341 487 1147

70 547 137 613 nioo
161 546 365 614 amminionlo
387 546 461 614 talis
490 547 557 613 eius
581 546 777 614 adversatrix
807 545 970 631 emulatio,
998 545 1087 632 quia,
1115 546 1175 612 etsi
1197 545 1236 614 de
1253 503 1357 552 mm

70 662 208 730 naturali
235 661 468 733 allectione-
496 683 571 730 nam
604 668 638 730 at
663 664 732 750 ipse
759 663 817 729 ab·
844 663 1113 747 consanguinitate
1142 662 1236 728 abba

69 778 163 846 tissab
198 778 317 848 lineam
349 781 474 864 generis
507 780 682 848 deducebat
708 817 751 826 —
780 800 844 847 non
876 783 982 846 amen
1015 798 1090 845 vera
1122 784 1234 846 exstat

70 893 231 963 lterabant
252 917 327 980 ergo
341 916 432 980 reges
446 895 529 962 hano
543 897 747 964 tradioionem
764 917 823 983 per
839 895 981 978 anulum3
1005 899 1037 962 et
1050 895 1238 981 nbioumque

70 1013 267 1098 oportunitas
291 1013 440 1098 erigeret,
464 1019 611 1100 presente
632 1013 835 1080 nihilominus
859 1011 1028 1099 apostolioo
1049 1015 1081 1078 et
1094 1015 1160 1078 toto
1174 1009 1236 1077 Ro·

70 1149 236 1196 manorum
256 1129 412 1196 maiorum
427 1129 568 1215 collegio,
590 1131 721 1218 insuper
742 1134 774 1196 et
789 1131 821 1196 in
836 1149 935 1195 unum
949 1127 1077 1196 oolleoto
1091 1128 1237 1196 universo

70 1244 198 1332 populo,
220 1245 280 1312 hoo
293 1247 412 1314 motum
426 1245 525 1314 fixum
542 1253 575 1314 et
588 1252 694 1314 ratum
708 1252 793 1314 stare
808 1245 931 1331 debere,
955 1266 992 1313 aa
1005 1243 1131 1312 firmare
1144 1265 1238 1333 posse

71 1381 105 1429 ao
125 1361 209 1430 velle
232 1368 352 1430 semoto
375 1362 485 1450 proonl
507 1364 594 1430 omni
615 1362 763 1451 scrupulo
787 1363 883 1430 etiam
905 1363 991 1430 omni
1006 1383 1062 1430 suo
1079 1383 1138 1448 quo
1154 1363 1238 1430 ritae

70 1477 163 1546 lanius
185 1485 328 1566 tompore
356 1484 523 1566 carperent
550 1479 695 1566 halitum,
725 1479 934 1548 examinatius
965 1477 1176 1561 affirmabant3
1207 1484 1239 1546 et

69 1593 162 1662 huius
178 1595 436 1682 astipulationem
454 1596 569 1664 litteris
584 1596 717 1680 signatis
731 1597 908 1663 tradebant.
976 1595 1118 1663 Domnus
1134 1599 1239 1662 antem

71 1711 168 1780 mbas
194 1732 292 1799 penes
320 1733 355 1782 se
381 1733 441 1799 pro
468 1732 564 1779 oause
592 1733 657 1778 non
684 1711 845 1799 superflua
872 1713 990 1799 seripta
1011 1712 1089 1779 haee
1110 1713 1238 1798 detinet,

71 1829 167 1895 etiam
195 1848 267 1895 oum
296 1828 336 1895 de
362 1830 434 1915 ipsa
461 1829 550 1895 ouria
577 1828 729 1916 procedat
754 1827 913 1896 mandatis
945 1828 1041 1913 regiis
1073 1829 1240 1914 legationis

71 1945 176 2030 gratia
196 1945 238 2011 ad
259 1944 513 2013 Cluniaoensium
535 1945 649 2029 menia,
675 1944 730 2012 ubi
753 1944 860 2012 domni
883 1945 1047 2032 apostolioi
1067 1945 1241 2015 habebatur

70 2066 145 2130 tuno
166 2064 329 2150 presentia
336 2058 353 2128 ¹.

159 2177 217 2246 Set
242 2178 302 2246 heo
329 2178 405 2246 dnm
431 2184 582 2263 agamur,
612 2176 821 2244 Theodericus
845 2177 883 2245 de
904 2176 1023 2262 Riolige
1046 2181 1239 2266 prepositum
1325 2257 1328 2270 ³

71 2294 267 2363 llimenaden
288 2315 361 2364 eum
374 2295 536 2380 fratribus,
558 2295 639 2362 inibi
652 2315 710 2381 por
725 2294 875 2362 domnum
891 2294 1036 2362 abbatem
1050 2297 1240 2382 eonstitutis

71 2432 127 2498 par
147 2413 281 2480 nuntios
303 2433 377 2479 suos
400 2411 439 2480 de
460 2412 535 2478 inde
556 2410 802 2496 transmigrare‘¹
824 2411 979 2497 precepit,
1007 2411 1129 2497 disens,
1153 2413 1241 2482 duois

72 2533 150 2596 nutu
169 2529 204 2595 id
227 2529 342 2615 exequi
363 2528 477 2596 debere
498 2527 585 2595 nulla
607 2528 672 2595 iarn
692 2527 881 2616 interposita
901 2528 1125 2596 interstioione.
1170 2529 1241 2616 lpse

72 2661 146 2714 sero
166 2640 348 2734 prepositus
370 2665 442 2713 oum
465 2645 577 2712 oeteris
598 2644 749 2712 fratribus
770 2643 986 2711 minitantium
1007 2643 1158 2712 fluctuum
1174 2647 1241 2714 eins

73 2762 313 2849 inpetuositates
334 2761 439 2830 tloooi·
460 2762 628 2850 pendebat,
652 2761 726 2847 quia
747 2759 882 2845 degebat
901 2765 934 2826 ot
947 2761 981 2826 in
995 2759 1063 2828 loeo
1078 2762 1242 2829 nobiseum

74 2881 228 2965 tempore,
252 2899 314 2964 quo
337 2880 516 2967 prepositus
537 2884 646 2946 noster
666 2875 857 2944 Adelbertus
879 2895 951 2942 snm
972 2875 1101 2962 reliquie
1124 2879 1164 2946 ad
1187 2899 1241 2946 ou-

74 2993 153 3061 riam
178 2996 422 3082 prosedentibns
443 2997 531 3064 venit
557 3001 589 3062 et
615 2995 765 3082 reliquias
786 2992 912 3081 patroni
934 2994 1036 3060 nostri
1058 2996 1159 3062 saneti
1175 2995 1241 3062 Viti

61 3108 263 3198 saporum·
286 3117 328 3196 et,
351 3133 413 3199 qne
434 3116 523 3196 gesta
543 3113 669 3180 fuerant
689 3110 740 3178 rel
762 3132 824 3198 quo
847 3113 951 3196 modo,
973 3113 1193 3200 perordinem
1206 3113 1240 3180 in

76 3227 201 3342 auribus
223 3228 365 3295 omnium
386 3234 531 3296 nostrum
553 3229 710 3316 exposuit,
733 3228 830 3295 etiam
853 3226 987 3314 qualiter
1008 3229 1077 3317 ipse
1099 3228 1164 3296 dux
1186 3229 1241 3296 ad·

77 3345 211 3411 vomtiae
239 3350 444 3431 utrorumque
469 3344 611 3412 looorum
631 3345 758 3412 illorum
780 3345 907 3430 regibus
929 3345 1089 3431 redderet,
1117 3347 1241 3433 ipsique

77 3465 109 3528 st
131 3460 258 3528 eoelosio
280 3466 386 3528 nostre
407 3462 584 3546 traderent,
607 3466 740 3549 postque
762 3461 803 3529 ab
826 3461 939 3528 abbate
960 3463 1029 3550 ipse
1051 3462 1115 3528 dux
1138 3463 1240 3530 denuo

76 3577 111 3642 in
133 3575 316 3645 benefioium
336 3579 500 3664 resiperet.
536 3577 592 3644 Set
613 3577 691 3645 haee
705 3577 914 3645 Tleoderieus
938 3579 967 3646 si
987 3585 1119 3646 noverat
1131 3601 1240 3667 neone,

77 3711 141 3758 non
161 3698 208 3760 est
228 3693 320 3761 nobis
342 3694 601 3780 animadvertere,
625 3713 697 3760 oum
718 3714 776 3762 nos
800 3694 917 3782 quippe
933 3700 1081 3762 tueantur
1095 3701 1127 3763 et
1142 3697 1240 3764 domi-

77 3815 202 3877 natores
221 3816 317 3895 terre,
339 3810 468 3878 Domini
488 3811 569 3878 siout
583 3830 747 3897 speramus
761 3810 983 3898 inspiratione¹
998 3811 1048 3878 val
1064 3812 1172 3880 domni
1187 3812 1241 3880 ab·

77 3925 159 3994 batis
179 3927 393 3995 conventione.
470 3927 552 3994 Nem
575 3930 608 3994 et
629 3931 723 3992 antea
744 3961 787 3972 —-
811 3927 886 3993 dum
907 3928 1059 4012 fungebar
1081 3930 1115 3995 in
1137 3929 1241 3996 losum

148 4074 168 4107 a
188 4060 216 4107 ab
231 4063 338 4121 capsam
353 4070 388 4108 ear
407 4064 430 4108 is
448 4061 500 4108 eod.
515 4078 581 4122 asper
597 4060 811 4118 oonsmgulnitates.
873 4061 895 4108 b.
916 4047 1012 4108 all—besse
1028 4080 1048 4108 c.
1110 4075 1130 4108 a.
1149 4061 1240 4109 habitus

81 4155 119 4198 up.
132 4142 248 4189 Panna.
310 4142 333 4188 d.
348 4143 497 4200 bmmrgue
512 4160 533 4188 c.
594 4156 615 4188 ο.
629 4140 694 4188 flocti
709 4158 728 4187 e.
786 4139 994 4201 [inspirentiona
1008 4160 1029 4188 c.

149 4228 173 4282 1.
196 4227 320 4285 Cluniaoi
342 4227 635 4285 massanellus
660 4225 747 4283 tuisse
768 4227 924 4298 Eugenium
941 4229 982 4284 111
1004 4243 1115 4298 papam,
1139 4226 1241 4284 donant

82 4314 195 4386 Bausta
207 4322 285 4389 pont.
297 4319 375 4374 Rom.
393 4335 420 4372 n
433 4318 513 4373 6293.
567 4315 592 4372 22
611 4315 753 4387 Reliquias
765 4315 794 4372 8.
804 4316 863 4373 Viti
882 4318 910 4372 ln
929 4317 1004 4372 ouria
1016 4315 1240 4374 anoofurtensi

83 4402 171 4479 fuine,
188 4407 309 4465 ostendit
326 4407 445 4466 (lonradi
462 4407 504 4464 111
520 4406 643 4477 diploma
660 4407 698 4476 (ι.
717 4421 801 4476 supra
816 4421 845 4478 p.
857 4406 892 4462 55
909 4423 936 4462 n.
949 4407 989 4474 3).
