3117 4859
403 282 551 339 wmarmr
572 280 758 329 munuae
778 280 833 329 ara
852 281 905 329 ara
1170 263 1236 333 441

66 422 186 493 debaro
211 420 432 491 intelleximus.
479 421 535 491 Set
560 442 720 510 nmquam
746 420 825 491 liae
850 422 903 491 vel
927 422 1045 492 Rachel
1070 423 1163 492 datus
1190 428 1363 493 ceremon
1378 456 1404 470 -

64 539 195 609 libellus
217 540 352 627 repudii,
373 560 534 627 uunquam
555 539 656 607 benus
678 544 787 627 pastor
801 540 869 608 vieo
890 539 968 627 lupe
980 538 1118 609 cffieimn
1131 502 1360 629 peste-nm

65 658 114 725 ris
143 655 283 725 deseruit
291 652 308 723 ¹.
355 655 410 725 Set
437 661 469 725 ot
495 656 535 723 de
556 674 653 725 manu
674 655 880 744 speculatoris
902 656 1090 743 negligentis
1110 659 1239 742 sanguis

65 774 231 862 pmeuntie
245 773 416 860 requiritur
421 767 442 839 ².
465 771 538 841 Ncn
552 772 646 839 debet
658 772 761 860 pietas
781 774 884 861 patrie
897 794 972 844 auce
985 772 1067 842 filies
1082 774 1237 844 abdicare.

65 890 228 975 Ceterum,
249 890 278 957 ei
297 889 336 957 de
354 889 529 957 retentione
550 889 694 959 abbatiae
711 888 910 959 (lorbeieneis
932 890 1047 976 agitur,
1066 892 1171 979 prima
1183 912 1239 959 ve-

65 1007 164 1093 eatic,
185 1006 291 1095 prima
311 1026 428 1094 spenea
448 1006 645 1093 respicienda
666 1007 771 1095 potins
795 1013 844 1075 eet
864 1012 898 1075 et
917 1007 1063 1076 tenenda
1100 1007 1184 1075 Nam
1206 1014 1239 1079 ea

63 1124 182 1193 recolit
202 1123 371 1211 prudentia
392 1126 511 1208 vestra,
535 1122 628 1208 quud,
651 1122 776 1209 quande
798 1128 865 1193 tarn
891 1124 1006 1192 litteris
1029 1128 1062 1192 ot
1081 1126 1240 1213 peticione

65 1240 179 1308 domni
199 1240 283 1326 regie
305 1244 338 1309 et
358 1240 539 1329 principum
553 1258 649 1325 quarn
663 1238 862 1309 Gerboiensis
877 1240 1026 1311 ccclesiae
1041 1242 1082 1309 ad
1094 1242 1237 1327 regimen

64 1357 212 1427 eiusdem
228 1356 376 1430 eeeloeim
390 1356 597 1441 vocabamini,
619 1356 771 1445 prostitue
791 1358 916 1427 duobis
930 1358 1037 1447 petius
1052 1360 1128 1427 ostis
1143 1378 1239 1445 quam

64 1475 174 1561 datus,
195 1479 233 1542 ut
246 1474 528 1561 emancipationem
542 1472 594 1541 vol
607 1473 916 1543 abrenunciationem
930 1475 1126 1544 Stabuloueie
1141 1474 1239 1543 eccle·

65 1592 136 1661 siae
157 1610 250 1659 nemo
273 1590 471 1676 intelligeret
505 1589 595 1670 Quod
618 1590 693 1677 quia
706 1590 779 1659 viva
793 1611 869 1659 voco
891 1596 925 1659 et
944 1592 1071 1681 seriptis
1084 1597 1160 1661 tune
1173 1593 1239 1659 eui-

63 1707 211 1777 lieientcr
233 1706 479 1795 quibuscumque
501 1704 756 1793 significavimus,
779 1728 846 1794 vce,
868 1714 1042 1777 conuentus
1063 1715 1096 1777 et
1109 1708 1239 1797 capituli

63 1825 172 1895 neetm
185 1844 281 1914 super
295 1825 354 1894 hcc
368 1824 529 1909 recognita
542 1824 722 1893 sinceritate
741 1828 773 1893 ot
786 1826 921 1893 ueritate
940 1825 990 1893 roi
1010 1826 1093 1895 iusto
1113 1825 1239 1913 librate,

63 1962 232 2029 nunquam
248 1941 287 2011 ab
303 1942 407 2009 animo
423 1940 642 2009 stabulensem
658 1940 832 2027 ecelesiam,
847 1946 983 2009 metron
996 1946 1146 2028 vestrm,
1162 1942 1239 2011 edu·

63 2059 219 2129 eatrieom
235 2063 384 2143 umnam,
407 2078 556 2147 spensam
572 2062 721 2144 ecetram,
742 2058 901 2142 avebatie3
923 2080 1085 2147 nmquam
1104 2060 1240 2129 fratrum

62 2180 262 2261 amborum,
290 2172 427 2243 liliorum
449 2180 625 2243 vorborum
652 2195 717 2243 neu
738 2180 806 2243 tam
828 2176 1007 2265 adeptionis
1030 2196 1126 2263 quam
1145 2178 1239 2263 uteri,

63 2312 180 2361 euram
201 2291 363 2361 deseratis.
396 2290 463 2360 Noc
485 2293 569 2359 onim
590 2292 708 2360 bonum
730 2296 789 2379 eet,
810 2298 858 2378 ut,
881 2293 937 2379 qui
953 2293 1074 2361 divitiis
1091 2292 1241 2363 ecclesiae

64 2409 268 2479 Gerbeieneie
278 2406 449 2479 seeundum
459 2409 649 2497 promissum
659 2408 803 2477 adiuvari
813 2409 1066 2497 expectabamus,
1077 2410 1145 2477 eius
1156 2430 1241 2479 nunc

64 2526 232 2595 oeoedcue
254 2527 274 2593 a
299 2530 422 2595 vestae
447 2526 647 2614 paternitatis
673 2524 885 2595 sollieitudine
910 2526 1039 2593 destitui
1060 2525 1238 2595 debeamus.

66 2644 185 2731 Spreta
207 2662 281 2729 orgo
307 2642 393 2711 omni
414 2640 618 2711 tribulatione
640 2642 754 2727 cerdis,
777 2641 819 2709 ad
840 2641 1006 2727 diligentm
1027 2662 1085 2711 uos
1107 2646 1241 2729 quante-

65 2761 136 2829 eius
157 2759 270 2846 redita,
293 2764 326 2827 et
345 2759 382 2827 in
402 2760 588 2827 noemmtato
602 2757 710 2827 multa
726 2759 906 2827 constitutis
920 2777 991 2825 cum
1009 2757 1071 2826 Dei
1084 2758 1240 2826 amatorie

65 2876 307 2965 expectantibus
330 2896 385 2945 vce
408 2874 532 2943 consilii
553 2876 652 2943 vostri
672 2895 769 2943 manu
791 2874 1024 2964 presentialiter
1045 2875 1219 2945 subvenite.

67 3114 159 3189 313.
179 3117 333 3185 Hmrieue
353 3117 521 3185 metenebrae
538 3116 714 3186 We'baldam
736 3120 883 3202 obsecret
905 3129 942 3185 at
961 3120 1147 3185 meeeetorie
1165 3118 1238 3185 Sta·

178 3234 296 3301 balcnei
316 3236 494 3301 remotiore
516 3234 591 3301 cello
613 3235 745 3303 desistat.
1076 3230 1131 3314 (M.
1148 3234 1238 3315 296.)

156 3366 422 3435 Reuerentiseimc
450 3367 485 3433 in
511 3366 635 3434 Christe
662 3368 748 3455 patri
775 3388 832 3435 sue
861 3372 893 3435 ot
919 3365 1046 3434 demine
1068 3364 1363 3500 Wlibaldoiflgtltie:
1380 3400 1403 3409 -

66 3484 265 3555 Stabulcnsis
286 3483 454 3552 aecclesiae
468 3482 640 3551 venorabili
656 3482 762 3551 abbati
776 3483 969 3571 H(enrieus),
993 3484 1140 3572 quicquid
1153 3490 1239 3572 patrr

64 3602 236 3671 tanesimo
259 3601 389 3669 devotus
412 3600 505 3668 dobot
525 3598 617 3666 tibus.

155 3716 357 3803 Dignaticnis
371 3722 495 3785 rosnae
516 3715 631 3783 litteris
654 3714 822 3800 eligerer
837 3716 995 3804 perlectis,
1017 3716 1125 3802 nichil,
1147 3722 1238 3804 pater

63 3835 245 3919 karissimo,
267 3834 302 3902 in
325 3834 370 3901 ois
391 3834 533 3902 invenire
555 3831 704 3917 ingenioli
726 3834 790 3900 mei
804 3828 909 3922 potuit
922 3832 1067 3919 tarditas,
1090 3831 1173 3919 quod
1187 3833 1238 3901 vel

63 3952 271 4038 benignitatis
289 3956 412 4019 veebee
433 3950 634 4038 prudentiam
656 3948 676 4016 l
697 3949 788 4017 nobie
810 3950 968 4018 deterrere
982 3950 1033 4017 vol
1054 3950 1169 4018 montis
1183 3971 1237 4019 ve·

63 4076 152 4138 sbao
174 4072 293 4136 abtum
315 4066 335 4135 d
355 4066 550 4135 Stabuloneie
577 4044 727 4134 ecclesiae
748 4066 902 4150 regimine
916 4066 1010 4151 digne
1030 4066 1236 4155 proturbare·

62 4186 180 4256 emeat
210 4184 293 4252 Nam
315 4189 347 4253 et
369 4182 487 4251 ordinis
501 4184 731 4253 incrementum
746 4186 777 4251 et
791 4181 951 4269 prebende
965 4184 1235 4269 retentationem,

138 4334 160 4368 a.
179 4318 312 4381 perturbare
327 4336 348 4365 ο.

70 4452 74 4459 .
135 4403 445 4477 l.0f.10hm.10,15l.
515 4406 543 4462 2.
559 4402 661 4462 Enoch.
673 4404 717 4477 33,
728 4404 756 4460 6.
