3117 4859
454 303 603 352 wmssm
624 301 790 353 semrom
811 303 865 379 eso
1174 285 1242 354 443

164 443 412 529 Reoogoostmus
439 446 475 512 in
500 446 631 532 litteris,
660 465 737 532 ques
759 447 904 534 proxime
925 449 1032 514 vesus
1050 445 1367 513 unanimitsslleces
1384 473 1410 487 -

71 562 117 630 eri
144 579 204 628 nos
232 561 363 646 direxit,
391 566 532 629 vestrum
558 562 648 630 illum
676 561 762 631 ciros
782 583 841 631 nos
861 564 1079 650 incorruptum
1101 568 1134 631 et
1154 523 1364 629 inex-¹¹⁶¹”’

69 677 278 767 pugnsbilem
301 677 456 763 effectum,
480 697 541 764 quo
562 697 621 746 nos
644 681 664 748 t
685 681 841 767 principio
863 679 1011 766 omplecti
1033 683 1066 746 et
1080 676 1245 744 contovere

69 794 320 883 perseverastis,
346 799 384 861 ut
403 811 478 862 vere
500 814 556 862 scs
584 797 701 863 emices
732 797 921 880 dixerimus,
950 795 1005 883 qui
1025 793 1245 882 pensorum

70 925 201 980 meeum
222 912 256 977 io
278 911 537 998 temptationibus
546 908 563 978 ¹.
608 912 737 998 Verum,
759 914 875 980 tetros
895 913 1067 997 karissimi,
1092 909 1244 994 dolemus,

70 1045 131 1096 ros
154 1027 290 1094 nimium
310 1046 496 1115 properasse
517 1027 553 1095 in
574 1047 609 1096 re
631 1033 697 1097 tem
719 1027 856 1114 difficili,
881 1033 949 1096 tsm
971 1029 1079 1113 orduo,
1101 1032 1169 1094 turn
1189 1045 1246 1094 ne·

70 1145 223 1230 cessone,
246 1163 341 1231 super
363 1163 425 1230 que
446 1144 662 1213 universitatis
676 1150 800 1213 vestm
821 1144 985 1213 consitium
1000 1149 1151 1231 torquem
1165 1143 1245 1210 ‹fivi-

68 1281 153 1330 num
180 1279 367 1348 responsuro
394 1259 603 1348 quesivimus,
635 1263 689 1330 ubi
715 1281 774 1329 nec
802 1262 961 1330 erutiones
987 1261 1160 1349 premissos
1187 1277 1247 1329 neo

67 1379 189 1446 memes
203 1375 523 1445 Msimunderienses·
537 1379 641 1446 vocati
662 1398 721 1447 nec
741 1367 816 1446 laici
835 1375 943 1445 fideles
965 1381 999 1444 et
1018 1375 1078 1444 tilii
1097 1375 1246 1444 molesios

69 1501 151 1564 sunt
177 1495 320 1576 inviteti3
349 1513 570 1580 veremurque,
598 1499 634 1562 ut
655 1515 734 1582 poce
756 1495 896 1563 omnium
919 1494 1038 1561 dictum
1060 1493 1117 1578 sit,
1144 1511 1186 1560 ne
1207 1492 1247 1559 de

70 1612 222 1681 cordibus
236 1611 352 1680 vestris
373 1606 587 1698 prophetetis'
610 1615 643 1680 et
663 1611 764 1696 uobis,
789 1609 902 1697 quibus
921 1629 974 1678 res
993 1613 1043 1677 est
1055 1629 1114 1697 pro
1130 1609 1246 1694 enims,

68 1749 191 1818 perum
211 1727 343 1818 provide
365 1727 545 1795 consuletis.
627 1727 664 1795 Io
686 1729 860 1796 retransitu
881 1728 966 1795 enim
987 1731 1096 1794 nostro
1118 1726 1159 1794 ed
1179 1745 1246 1812 ros,

69 1851 112 1914 ut
133 1846 174 1914 de
197 1844 324 1914 domino
346 1848 454 1911 uostm
477 1865 551 1930 rege
571 1849 743 1930 tsceemus,
765 1845 939 1932 plurimmn
960 1841 1068 1910 domni
1084 1860 1187 1930 popoe
1200 1842 1248 1910 of·

69 1963 199 2031 fenssm
225 1961 410 2044 metuimue3
438 1960 550 2046 quibus
579 2011 716 2029 ......
718 1962 731 2000 '
758 1960 909 2046 neglectis
936 1964 969 2027 et
995 1959 1162 2027 adversum
1189 1979 1248 2026 nos

70 2079 257 2164 commotis,
285 2095 398 2166 porum
419 2078 509 2144 robis
531 2078 582 2144 vel
609 2077 704 2146 elicui
729 2079 880 2166 prodesse
899 2095 1074 2165 possemus.
1163 2073 1249 2142 Fun·

71 2195 199 2264 dendse
219 2194 316 2280 igitur
339 2199 413 2260 sunt
436 2193 476 2260 od
490 2193 593 2261 Deum
615 2213 724 2282 preces
746 2213 819 2262 curn
840 2194 927 2260 omni
948 2193 1127 2260 humilitste
1148 2197 1181 2260 et
1195 2192 1249 2260 de·

70 2311 219 2397 votione,
248 2311 440 2398 querendum
469 2316 518 2378 eet
543 2329 607 2377 nou
636 2310 737 2378 solum
764 2311 930 2378 umvesee
952 2308 1102 2376 ecclesius
1124 2314 1249 2376 vestrm

72 2433 126 2498 set
153 2427 250 2496 etism
272 2428 448 2496 vicinorum
474 2427 639 2494 consilium
667 2431 699 2494 et
726 2424 925 2510 mffregium,
952 2430 989 2492 ut
1016 2425 1125 2492 divine
1144 2425 1248 2512 pietas

70 2545 175 2614 tutem
190 2544 279 2612 vobis
300 2548 443 2632 prestere
464 2544 610 2627 dignetur
632 2548 802 2629 pastorem,
826 2543 880 2628 qui
902 2561 942 2609 ex
963 2541 1031 2608 eius
1052 2540 1133 2608 dono
1147 2542 1250 2628 possit

73 2681 192 2730 emere
218 2661 369 2728 contritos
397 2659 491 2727 corde
519 2663 552 2726 et
578 2658 708 2744 elligere
729 2658 936 2725 contritiones
957 2652 1106 2725 vestros⁸.
1150 2655 1189 2724 In
1210 2677 1248 2724 eo

74 2783 200 2863 sutem,
230 2778 314 2865 quod
335 2776 523 2864 scripsistis,
551 2776 626 2860 quis
646 2793 809 2861 nunquam
829 2773 931 2841 bonus
952 2779 1062 2861 postor
1081 2774 1152 2841 viso
1172 2773 1248 2861 iupo

73 2893 215 2964 officium
237 2895 374 2983 postoris
395 2893 544 2977 deseruit,
566 2890 705 2960 recolere
727 2889 821 2959 debet
833 2893 940 2958 vestre
953 2889 1131 2978 prudentis,
1154 2909 1249 2977 quom

72 3011 209 3097 multoe,
238 3029 332 3097 quom
356 3027 502 3096 magnos,
532 3027 626 3095 quum
648 3013 769 3076 atroces
790 3006 883 3095 lupos
904 3005 940 3074 in
960 3007 1113 3092 regimine
1134 3005 1249 3074 Stobre

74 3127 176 3196 leneis
206 3125 355 3196 ecclesiae
382 3126 432 3192 his
459 3126 573 3212 viginti
601 3125 708 3211 ennio,
743 3124 857 3211 quibus
885 3125 915 3192 ei
942 3119 1157 3210 servivimus⁴,
1185 3143 1248 3191 non

76 3245 197 3330 sosque
218 3243 357 3331 periculo
380 3242 491 3310 mortis
515 3247 547 3310 et
568 3243 716 3328 mutue
738 3241 895 3310 mendatis
917 3246 950 3309 et
963 3241 1140 3330 obprobriis
1154 3241 1249 3308 susti-

75 3360 250 3445 nuerimus,
273 3379 332 3427 neo
354 3357 456 3426 odhuc
475 3360 560 3427 ferre
582 3359 837 3444 detrectaremus,
860 3353 888 3425 si
909 3357 1012 3426 eidem
1026 3357 1085 3424 soii
1100 3356 1250 3426 ecelesiae

76 3477 227 3565 asscripti
248 3497 397 3544 essemus.
434 3475 490 3544 Set
511 3495 582 3542 cum
604 3475 638 3542 in
653 3473 835 3542 corbeiensi
857 3473 1008 3542 occulens
1028 3473 1096 3562 lupi
1115 3493 1181 3542 non
1194 3473 1249 3541 de·

75 3596 145 3664 siut
172 3597 205 3660 et
231 3593 369 3681 postoris
398 3593 441 3659 sit
468 3591 647 3659 necessarie
673 3596 741 3657 tom
755 3591 928 3678 presentie
954 3609 1048 3677 quem
1073 3589 1248 3676 vigilantia,

76 3711 231 3796 elegimus
253 3712 324 3794 uni,
346 3708 459 3794 rel,·si
477 3709 523 3776 sie
544 3707 688 3795 expedit,
711 3708 817 3774 neutri
838 3708 973 3792 servire,
997 3727 1102 3792 quom,
1123 3706 1249 3792 utrique

74 3826 272 3912 incubando,
301 3825 407 3894 neutri
435 3824 593 3912 prodesse.
639 3821 682 3890 Et
709 3828 746 3890 ut
772 3823 814 3890 od
838 3823 935 3892 verbe
955 3824 1072 3891 veteris
1098 3822 1249 3890 historice

73 3943 340 4032 respondeamus,
369 3937 576 4010 nullomodo
605 3939 756 4026 medatis,
786 3940 870 4026 quod
897 3961 1037 4008 amorem
1064 3938 1249 4028 posterioris

74 4062 203 4150 primes
223 4058 488 4148 proposuerimus,
510 4077 591 4145 quoe
611 4073 670 4125 nee
691 4077 750 4144 pro
772 4055 991 4143 mandragoris
1005 4056 1115 4124 Ruben
1133 4075 1192 4122 nos
1207 4055 1249 4123 sd

151 4261 172 4296 ι
191 4242 300 4295 lisinec
311 4265 330 4293 c.
392 4246 414 4292 b.
430 4247 515 4292 locrus
530 4247 554 4291 s's
569 4245 621 4292 cod.

151 4333 177 4390 1.
200 4329 241 4391 (ti.
261 4332 347 4388 Eccii.
366 4333 391 4403 6,
410 4331 435 4388 ’1.
506 4331 531 4385 2.
555 4327 599 4387 Gi.
615 4325 716 4387 Erech.
735 4329 779 4400 13,
793 4331 821 4386 1.
892 4329 919 4386 3.
937 4323 982 4385 es
996 4327 1056 4398 146,
1069 4329 1096 4384 3.
1166 4327 1192 4384 4.
1211 4327 1248 4386 ei)

77 4427 200 4482 menete
216 4437 289 4481 euno
308 4421 378 4478 11³0
394 4419 430 4478 eei
447 4426 593 4478 ereum
611 4433 713 4478 sonum
732 4419 812 4476 neo.
