3117 4859
478 283 628 332 wmarmr
647 282 835 332 mmronsn
855 283 894 330 ss.
909 283 947 330 oo.
1235 269 1296 336 10‘1

129 419 191 494 29.
213 423 345 492 stares
360 425 542 494 &marces
565 438 595 493 et
608 427 781 494 Romo
802 427 943 494 Ws’boldo
967 451 1094 495 coaeum
1112 452 1202 496 auom
1217 451 1298 496 cora·
1325 428 1328 442 '

213 543 371 608 mordent.
1159 543 1214 626 (ld.
1233 544 1297 627 19.)

213 675 397 744 Venuabili
423 681 552 744 saumae
573 676 772 745 Oorbeiensis
800 675 949 744 ecclesiae
975 677 1089 744 domno
1112 677 1218 744 abbati
1232 677 1298 747 Wi·
1316 691 1385 749 114⁷

125 790 220 859 boldo
248 811 358 860 omnes
385 794 500 861 fratres
522 794 702 862 Bremensis
731 791 900 861 aecclesiae
926 793 1055 860 maioris
1078 793 1144 861 sive
1167 795 1298 863 minoris

122 927 185 976 nec
210 929 277 975 non
298 914 331 976 et
351 910 522 978 Buccensis
547 906 734 978 aecclesiae¹
755 909 971 996 congregatio,
999 929 1129 998 precum
1150 913 1299 999 inpensas

121 1043 200 1092 cum
220 1025 399 1094 voluntario
421 1029 583 1095 servitutis
606 1026 765 1112 obsequio.

216 1143 327 1209 Totius
354 1163 468 1212 causae
489 1149 618 1211 nostrae
640 1163 772 1211 examen
796 1147 828 1210 ot
850 1141 1016 1210 consilium
1036 1148 1160 1210 vestrae
1183 1145 1300 1212 saneti·

121 1260 204 1326 tatis
238 1279 297 1326 nos
322 1261 447 1344 integre
473 1261 669 1328 commisisse
695 1259 826 1327 consilio
854 1259 921 1326 sive
950 1259 1095 1345 arbitrio,
1130 1280 1224 1346 quam
1253 1261 1299 1328 ar-

121 1375 268 1443 fectuose
294 1377 482 1460 gaudemus3
510 1381 581 1444 tum
609 1378 684 1464 quia
711 1377 751 1444 ab
779 1375 891 1444 emulis
917 1376 1034 1443 nostris
1057 1375 1143 1443 credi
1164 1381 1298 1464 poterat

3 1478 4 1485 ἵ
122 1512 187 1558 nos
212 1513 272 1580 per
299 1494 405 1559 omnia
430 1475 498 1560 tam
525 1494 670 1561 iustitiae
692 1513 788 1580 quam
809 1493 897 1580 pacis
919 1492 1119 1560 recalcitrare
1142 1493 1298 1580 operibus,

122 1614 198 1675 tum
219 1610 294 1695 quia
314 1610 408 1676 huius
429 1615 523 1677 notae
545 1609 729 1697 scrupulum
750 1614 818 1676 tam
839 1614 963 1677 restrae
986 1609 1181 1676 auctoritatis
1204 1631 1299 1697 quam

124 1733 161 1794 et
183 1725 291 1792 domni
306 1721 505 1811 Verdensis¹‚
530 1727 585 1813 qui
606 1726 829 1794 nichilominus
851 1731 979 1794 nostrae
1001 1745 1114 1794 causae
1131 1725 1299 1794 discussio·
1383 1716 1386 1726 ’

124 1862 204 1909 nem
224 1863 265 1908 ex
286 1842 443 1927 legatione
465 1842 573 1909 domni
594 1863 697 1930 papae
718 1845 880 1927 ingressus
903 1847 967 1928 esc,
990 1844 1170 1910 testimonio
1193 1842 1299 1912 delen-

125 1959 206 2026 dum
233 1957 427 2026 confidimus.
461 1958 590 2026 Placeat
618 1979 692 2044 ergo
720 1964 844 2027 restrae
870 1959 1071 2047 paternitatis
1096 1959 1299 2028 extollentiae

125 2095 188 2162 pro
209 2074 322 2141 humili
342 2082 469 2143 nostrae
482 2077 649 2163 parvitatis
664 2076 829 2160 tamnaco,
852 2095 924 2143 oum
938 2076 1040 2143 iusto·
1056 2081 1088 2143 et
1101 2097 1176 2144 vero
1192 2076 1299 2144 domni

125 2191 299 2260 Verdensis
320 2194 501 2261 testimonio
523 2197 647 2260 vestrm
666 2191 888 2259 nichilominus
904 2193 1100 2261 auctoritatis
1115 2194 1206 2261 nobis
1222 2195 1299 2261 sori·

123 2315 219 2397 ptum
251 2309 422 2377 concedere
448 2315 638 2395 noshaeque
666 2328 780 2376 causae
809 2311 987 2394 angustias,
1020 2315 1115 2397 prout
1141 2310 1181 2378 de
1208 2317 1298 2378 tauto

123 2431 219 2514 patre
241 2424 438 2513 confidimus,
460 2426 658 2494 misericordi
680 2425 861 2494 defensione
881 2428 1047 2514 respicere.

125 2665 192 2738 30.
216 2666 380 2735 modos
400 2667 456 2736 Ill
469 2691 528 2734 rea
551 2667 733 2735 Heiaricam
754 2669 895 2735 Leonem
922 2669 1030 2734 decan
1050 2679 1167 2750 monet,
1195 2679 1230 2734 at
1250 2671 1299 2734 isca

217 2785 429 2850 woeotiovas's
460 2787 677 2851 coerrobs'omm
704 2785 936 2853 Kambsoteaes'e
963 2795 992 2850 et
1023 2785 1203 2850 Viebs‘eeaes'a
1234 2783 1299 2850 Wi-

218 2901 312 2967 boldo
333 2903 527 2988 resipuerat
550 2924 646 2990 eoque
667 2903 806 2989 receptat.
1158 2897 1213 2981 (Μ.
1230 2899 1297 2983 23.)

218 3033 403 3101 Onomadus
417 3031 479 3100 Dei
500 3034 603 3118 gratia
616 3032 829 3101 Romanorum
851 3053 908 3101 rex
923 3031 1096 3116 Hteinrico)
1112 3031 1184 3100 duci
1199 3031 1298 3101 Saxo·

122 3153 201 3220 niae
222 3149 360 3236 gratiam
382 3171 472 3217 suam
494 3153 527 3217 et
548 3170 640 3217 omne
661 3151 788 3218 bonnm.

216 3267 316 3335 Novit
335 3273 392 3333 tua
406 3266 542 3353 dilectio,
566 3265 648 3353 quod
662 3265 881 3335 fidelissimum
897 3270 929 3333 et
943 3265 1140 3334 carissimum
1155 3271 1299 3334 nostrum

124 3382 310 3454 Wrbaldum
336 3383 555 3451 stabulensem
582 3383 728 3451 abbatem
748 3387 880 3470 propter
906 3383 1089 3450 unanimem
1116 3383 1299 3451 electionem

125 3507 162 3569 ct
181 3501 373 3589 peticionem
388 3500 585 3568 corbeiensis
608 3499 757 3568 ecclesiae
777 3501 880 3567 eidem
894 3501 1084 3568 monasterio
1098 3501 1296 3587 prefecimus.

124 3617 224 3686 Cuius
248 3617 289 3684 ob
309 3617 435 3701 insigne
456 3617 615 3703 meritum,
639 3617 722 3704 quod
742 3615 829 3685 fideli
851 3619 979 3685 servitio
1002 3619 1041 3685 de
1060 3638 1157 3702 ragno
1172 3620 1297 3705 meruit,

123 3734 302 3804 secundum
335 3734 525 3821 peticionem
552 3734 783 3822 predecessoris
810 3735 859 3801 sui
888 3740 920 3802 et
947 3735 1194 3803 obsecrationem
1222 3734 1297 3803 Cor-

123 3852 266 3921 beiensis
288 3850 448 3936 ecclcsiae,
479 3851 540 3918 dno
561 3851 754 3918 monasteria
774 3851 974 3937 feminarum,
996 3853 1031 3918 in
1054 3852 1167 3939 quibus
1189 3871 1297 3918 mona-

123 3969 207 4037 stica
235 3967 348 4053 religio
375 3969 440 4035 iam
467 3968 639 4052 defecerat,
672 3967 847 4034 Kaminade
876 3967 996 4035 scilicet
1023 3973 1056 4036 et
1078 3969 1223 4053 visbike,
1256 3967 1297 4035 ad

122 4086 362 4154 reformandam
388 4086 424 4152 in
452 4083 496 4152 cis
523 4085 623 4153 divini
649 4085 750 4152 cultus
772 4084 958 4170 religionem
981 4106 1020 4153 ex
1042 4084 1157 4152 iudicio
1179 4085 1296 4172 princi-

197 4235 219 4267 ι
239 4232 293 4268 lum
308 4237 329 4268 ε.

198 4318 225 4372 1.
247 4314 379 4382 Baskon,
401 4315 536 4371 aBrema
551 4314 625 4371 inter
641 4312 785 4370 meridiem
802 4318 832 4370 et
853 4314 996 4371 orientem.
1031 4313 1121 4370 Huius
1138 4315 1296 4372 monasterii

124 4405 237 4462 tabulas
254 4403 345 4462 edidit
361 4404 529 4477 Hodenberg
545 4405 639 4479 Hoyer
656 4402 881 4462 Urknndenbuch
900 4403 949 4459 ΠΙ.
1020 4403 1046 4460 2.
1064 4401 1225 4461 Thietmsu'.
