3117 4859
369 233 671 310 oneoeooeeruns
693 233 914 284 ooneumrsrs
1181 215 1223 284 61

64 374 236 444 edelwine
248 375 331 446 oleri
345 378 518 446 ermerium
532 383 732 465 aperuerunt,
746 377 939 465 preciosiora
952 397 1010 444 sue
1023 397 1087 445 non
1101 396 1225 464 repere-
1244 379 1313 438 114²

63 498 138 560 runt
185 491 270 561 Hine
297 515 373 580 ergo
400 493 535 562 nimium
562 496 667 562 auimo
694 494 899 562 exeoerbatee
923 493 1076 582 populum
1096 513 1226 578 oonpre-

63 610 176 695 gebent
192 611 361 696 signorum
382 612 630 700 concrepatione.
665 610 816 697 Quinque
831 617 937 678 eutem
957 615 1081 676 tantum
1103 607 1164 676 riri
1186 628 1225 676 ex

62 728 203 794 omnibus
227 747 340 796 venere
361 747 399 796 ao
412 749 501 816 ¹pene
523 729 624 796 tooius
645 727 731 796 illius
750 728 813 794 vioi
827 728 952 796 femine.
985 727 1135 795 Diversae
1151 745 1225 809 ergo

62 849 176 911 mones
198 845 315 912 nostris
337 845 455 912 inferre
474 844 583 912 multis
605 845 774 912 verborum
795 843 1092 912 tumultuationibus
1109 843 1144 910 in
1159 843 1226 910 eui-

62 981 143 1026 mem
164 981 255 1028 enam
277 959 487 1047 affirmabunt,
509 981 582 1030 oum
600 964 723 1030 meiere
735 962 853 1049 quippe
868 961 1116 1030 sceleratissimis
1130 959 1226 1026 letre-

62 1076 149 1144 nibus
172 1082 207 1144 st
226 1077 392 1146 homioidis
414 1077 655 1146 seeleretissime
677 1079 713 1145 in
733 1078 897 1146 invasione
919 1084 952 1146 et
968 1077 1140 1161 seorilegiis
1155 1095 1227 1164 per-

62 1198 247 1280 petruesent
292 1193 330 1262 In
350 1194 515 1282 prooinotu
535 1195 738 1280 igionem,
765 1200 802 1263 ut
822 1196 1022 1279 insurgerent
1041 1197 1171 1281 repente
1193 1193 1227 1258 in

62 1315 196 1396 nostros,
218 1315 251 1378 et
272 1316 390 1396 quanto
412 1310 453 1379 de
468 1361 605 1378 ......
629 1311 772 1378 invenire
794 1316 933 1400 possent,
955 1311 1108 1378 mortibus
1132 1308 1227 1376 desti·

63 1433 180 1494 nuent
229 1427 319 1495 Teiie
344 1432 381 1494 ut
401 1427 517 1495 fratres
538 1428 641 1495 nostri
660 1433 831 1513 noverunt,
860 1428 1041 1512 oonfugium
1063 1427 1104 1494 ad
1126 1426 1229 1494 Deum

63 1542 205 1629 precibus
228 1549 261 1610 et
280 1543 421 1612 laorims
441 1545 593 1629 feoerunt,
615 1550 648 1612 et
670 1545 799 1632 quidem
819 1544 947 1612 illorum
969 1542 1088 1612 differri
1101 1561 1229 1612 oensem

64 1658 99 1726 ad
121 1659 295 1727 adventum
316 1662 472 1749 prepositi
493 1661 622 1728 tandem
644 1662 699 1728 rix
720 1661 812 1730 valde
835 1661 1046 1729 obtinuerunt.

145 1774 352 1846 wolfhardus
374 1798 498 1864 quoque
519 1779 675 1863 sacerdos,
699 1774 874 1846 rubbatisee¹
887 1777 1016 1846 Reithe·
1031 1777 1095 1844 iem
1110 1775 1229 1843 inoluse

64 1892 257 1978 orediteriue
278 1913 338 1981 per
364 1915 474 1963 omnes
496 1896 660 1983 episeopos
682 1901 715 1962 et
736 1895 850 1963 abbate
872 1900 922 1962 set
942 1894 1119 1982 prepositos
1143 1941 1227 1959 ....

63 2029 116 2096 per
147 2009 282 2078 cenobia
311 2010 435 2078 litteras
469 2032 510 2079 ex
541 2032 677 2099 persone
707 2011 865 2080 abbatisse
897 2011 962 2080 lete
989 2012 1229 2097 oiroumquoque

66 2124 246 2211 demerit,
282 2132 314 2194 et
346 2128 433 2194 omni
465 2126 581 2216 populo
604 2177 612 2194 .
637 2179 646 2196 .
670 2147 764 2214 quem
788 2176 1228 2195 ..............

66 2291 202 2309 .....
226 2243 343 2310 mendo
377 2243 556 2330 querelosas
585 2265 678 2312 voees
711 2245 807 2312 edens
835 2245 1022 2312 oeusabatur
1047 2243 1229 2328 multifarie,

66 2357 209 2427 termis*
233 2381 268 2427 se
290 2365 323 2428 et
344 2381 452 2429 omnes
475 2380 548 2428 oum
569 2359 701 2429 eoelesia
721 2361 830 2428 multis
853 2361 1025 2447 thesauris,
1054 2381 1115 2448 quo
1136 2360 1231 2428 modo

67 2476 134 2562 equi
154 2476 205 2543 vel
229 2477 355 2546 venetia
374 2478 553 2564 comparari
573 2476 684 2563 solent,
707 2479 754 2546 sio
776 2478 931 2546 subnotos.
967 2477 1022 2546 Set
1036 2499 1076 2545 ne
1090 2478 1195 2564 pred.
1221 2525 1228 2542 .

69 2639 706 2661 ....................
725 2595 753 2661 is
775 2595 963 2682 ieiuniisque
986 2614 1023 2661 eo
1044 2593 1189 2682 preoibus
1212 2613 1232 2660 a

67 2705 198 2776 Domino
213 2715 247 2777 et
261 2711 380 2778 senetis
394 2711 463 2778 eius
477 2711 705 2779 instantissime
719 2711 934 2799 depesoerent,
952 2711 1111 2780 exerebat
1145 2709 1234 2777 Haeo

69 2831 169 2893 eutem
194 2826 249 2893 hio
277 2827 387 2894 inde'
377 2847 517 2896 mserere
539 2875 1177 2895 ....................
1200 2825 1230 2892 ri
1344 2870 1346 2879 ·

68 2941 208 3026 numius
231 2945 467 3030 quaterentur
457 2965 492 3012 m
513 2945 563 3012 his
584 2944 730 3011 infeustis
752 2944 862 3012 diebus
885 2945 995 3012 nostri.

150 3061 245 3128 Anno
267 3060 457 3143 d(ominioae
478 3061 716 3144 inoametioni)s
737 3060 771 3128 Μ
789 3107 1228 3128 ..............
1249 3079 1319 3137 1148

68 3195 95 3241 e
111 3175 190 3243 Non.
210 3175 265 3244 Me
287 3227 495 3245 .......
518 3199 557 3244 us
579 3199 595 3245 s
618 3227 1059 3245 ..............
1083 3177 1152 3264 ipse
1174 3197 1232 3265 per

67 3289 113 3360 W.
136 3312 154 3361 o
181 3342 825 3361 ....................
837 3351 846 3375 ,
850 3343 991 3361 .....
1015 3315 1075 3381 que
1103 3315 1160 3380 per
1187 3295 1232 3362 30

66 3428 145 3495 pene
164 3410 250 3477 viros
272 3410 424 3478 tredeoim
444 3411 555 3479 diebus
577 3411 632 3477 rix
646 3411 829 3494 eradicavit,
852 3415 884 3476 et
898 3409 939 3476 ad
953 3409 1116 3502 eoelesiem
1131 3411 1232 3478 senoti

67 3523 133 3593 Viti
152 3527 386 3595 reseroiandem
408 3533 563 3615 oportuna
583 3527 759 3615 primordia
780 3527 893 3594 sternit
908 3547 966 3614 per
981 3525 1185 3594 Godefridum
1199 3532 1232 3593 et

67 3641 290 3711 Ansohelmum
312 3665 385 3712 oum
408 3645 478 3711 euri
494 3663 610 3729 meroe,
634 3665 713 3730 quos
727 3644 830 3731 pridie
846 3663 866 3710 a
881 3642 1048 3712 Stabuleus
1062 3645 1096 3712 in
1110 3645 1144 3712 id
1150 3655 1172 3729 ⁰,
1186 3643 1232 3712 ibi
1299 3693 1302 3700 ι

68 3760 186 3845 positus
206 3781 288 3850 pene
310 3781 369 3849 pro
391 3761 488 3829 simili
510 3759 657 3829 edificieii
678 3780 783 3848 opere,
805 3761 887 3828 istuo
909 3761 1095 3829 transmisit

155 3993 186 4060 A
199 3994 349 4079 magistro
364 3993 529 4062 Isenboldo
543 3993 582 4061 de
596 3994 698 4061 senoti
712 3991 803 4060 Pauli
818 3993 953 4080 apostoli
966 3993 1113 4061 titulot
1081 3998 1113 4060 et
1135 3991 1231 4060 eoole-
1251 3998 1320 4054 1146

71 4129 118 4177 ea
131 4107 386 4179 Helverstedensi
405 4111 594 4178 transmisse
614 4115 664 4178 est
683 4109 743 4178 heo
764 4110 905 4179 subieote
925 4109 1060 4198 epistola
1079 4109 1230 4194 Elvingo.
1250 4070 1320 4126 ¹¹4⁷

144 4274 164 4307 e
177 4261 258 4310 serua
274 4265 445 4324 «pram
506 4262 529 4309 e.
544 4261 611 4310 oon.
627 4281 647 4309 a.
709 4275 728 4309 e
744 4265 844 4326 „quea
860 4265 936 4310 uara.

142 4357 298 4429 iluditee,
315 4359 418 4416 sororis
434 4357 557 4416 Heinrioi
574 4358 588 4414 1
604 4357 669 4416 ebb.
687 4357 869 4416 corbeiensis.
