3117 4859
344 282 410 349 286
720 300 870 351 wmnrmr
888 300 1055 351 memnona
1077 302 1131 349 rer.

255 445 325 503 1149
342 462 452 529 opere,
482 441 566 528 qnod
591 441 734 528 predicat
755 462 824 527 ore,
854 444 909 530 qni
929 464 994 512 nou
1016 450 1065 512 est
1085 444 1171 511 intus
1192 442 1291 529 Nero,
1318 444 1393 511 toris
1413 442 1488 511 Cato.

341 557 440 637 Quem
462 558 490 624 si
511 556 655 645 aspicias,
678 558 814 641 doceris3
838 560 867 626 si
882 560 1000 645 audias,
1023 561 1205 643 instrueris3
1228 562 1410 647 sisoquare,
1429 580 1491 647 per·

340 672 452 743 deeris.
542 674 586 742 Et
610 680 646 741 tu
673 676 700 742 si
728 674 829 760 gloria
855 676 979 743 dicendi
1007 678 1163 762 tangeris,
1192 676 1272 761 elige
1293 698 1391 743 unum
1411 696 1494 762 quan

341 792 499 878 sequaris,
526 792 615 859 cuius
642 790 821 877 eloquentia
848 786 921 859 tuus
949 794 1073 860 animus
1095 792 1316 882 permulcetur.
1353 792 1494 859 Maximo

340 928 412 973 rum
440 912 600 974 oratorum
627 927 755 975 concors
778 909 934 975 sententia
956 916 1018 994 est,
1048 911 1189 977 ornatius
1210 916 1244 976 et
1264 910 1421 997 copiosius
1441 909 1496 974 dici

340 1042 434 1111 posse
458 1023 610 1091 imitando
633 1023 830 1110 eloquentes,
860 1046 955 1110 quam
977 1027 1055 1093 artis
1078 1030 1228 1114 precepta
1248 1025 1406 1093 sedando.
1448 1024 1497 1092 Set

341 1138 380 1207 de
402 1140 450 1206 his
472 1139 633 1225 hactonus,
654 1146 691 1207 nt
714 1141 794 1208 scias
818 1142 901 1228 quod
922 1144 1070 1209 nesciam

428 1254 580 1324 Laudasti
601 1278 704 1325 mores
727 1278 823 1343 meos,
846 1278 910 1325 non
923 1260 1067 1326 veritatis
1082 1258 1138 1325 sed
1151 1255 1381 1325 benivolentiae
1396 1256 1497 1322 duem

341 1372 529 1439 testimonio.
565 1372 620 1441 Set
643 1374 725 1441 siin
749 1375 851 1442 cordis
872 1375 946 1459 mci,
969 1375 1052 1461 qnod
1073 1395 1206 1463 pravum
1229 1380 1279 1441 est
1298 1379 1331 1441 et
1352 1373 1498 1440 maneta·

340 1488 404 1556 hile
412 1485 431 1573 ¹,
458 1488 616 1557 domicilia
642 1490 755 1557 fuisses
778 1492 975 1559 introductum
997 1498 1030 1558 et
1051 1492 1176 1558 audires
1198 1491 1232 1556 in
1252 1490 1371 1557 indicio
1394 1490 1498 1556 menh‘s

341 1624 445 1689 meae,
473 1606 598 1691 qnando
625 1627 683 1694 pru
712 1607 863 1675 tribunah
885 1608 974 1675 sedet
994 1608 1093 1692 ratio,
1122 1608 1347 1691 cogitationum
1369 1607 1452 1673 inter
1470 1626 1499 1672 se

341 1722 554 1788 accusantium
575 1722 777 1807 gravissimos
800 1724 952 1792 clamores
975 1728 1007 1791 et
1026 1724 1155 1791 acerbas
1170 1725 1360 1810 questiones,
1383 1723 1500 1790 uhinec
1554 1755 1555 1758 ¹

340 1842 471 1904 tonsura
498 1857 556 1905 nec
584 1838 708 1905 hahitne
736 1860 796 1906 nee
823 1839 925 1927 pallor
946 1860 1005 1907 nec
1027 1841 1144 1907 macies
1165 1845 1271 1927 potest
1290 1839 1376 1907 ferre
1399 1838 1500 1905 suffra·

341 1953 437 2038 gium,
459 1954 582 2021 videres
605 1954 722 2022 animal
743 1955 894 2023 horribile
916 1962 949 2023 et
971 1958 1057 2023 omni
1078 1962 1219 2023 monstro
1241 1955 1424 2023 deformius.
1459 1954 1499 2021 [Η

341 2075 504 2137 accusator
533 2076 597 2137 tam
625 2071 700 2138 forti
727 2092 822 2158 quarn
849 2073 954 2139 veraci
982 2074 1252 2157 argumentatione
1279 2072 1431 2155 intendit,
1462 2070 1500 2137 ihi

341 2187 486 2253 defensor
507 2193 562 2254 aut
584 2186 687 2255 nullus
711 2193 759 2255 eat
781 2193 837 2255 aut
856 2186 1031 2255 confitetur.
1105 2187 1160 2255 Set
1181 2208 1257 2254 care
1271 2187 1392 2254 dixeris
1406 2206 1499 2253 morer

340 2308 443 2371 rectos
470 2303 624 2370 tnatura
645 2304 817 2391 profectos,
845 2306 920 2389 quia
941 2325 1033 2371 omne
1056 2304 1164 2371 datum
1186 2305 1341 2391 optimum
1364 2310 1398 2371 et
1418 2320 1500 2369 omne

340 2418 458 2485 donum
480 2418 653 2507 perfectum
676 2420 840 2487 desursum
863 2425 920 2505 est,
943 2420 1134 2487 descendens
1156 2443 1176 2487 a
1197 2425 1290 2507 patre
1310 2414 1487 2488 iuminum¹.

427 2534 517 2603 Licet
540 2536 633 2621 enirn,
657 2540 757 2603 estate
779 2541 958 2624 conceptus,
980 2558 1054 2603 rere
1076 2542 1170 2603 natue
1184 2537 1308 2621 fuerim,
1332 2558 1414 2623 quae
1430 2542 1499 2603 tem·

340 2672 420 2739 pora
441 2653 611 2720 secundum
633 2652 793 2740 phisichos
814 2658 886 2719 tuos
902 2654 1041 2740 optimas
1055 2658 1130 2721 sunt
1143 2654 1382 2739 complexionis,
1403 2660 1499 2719 umen

341 2770 444 2853 gratia
457 2769 518 2836 Dei
540 2790 609 2835 sum
632 2769 666 2835 id
688 2769 772 2854 qnod
793 2788 863 2834 eum
886 2775 918 2836 et
939 2770 1068 2837 cottidie
1088 2770 1158 2856 ipso
1174 2768 1341 2836 adiurante
1355 2767 1500 2837 contendo

341 2883 410 2953 heri
431 2884 551 2952 melior.
586 2884 657 2951 Non
680 2890 728 2952 est
749 2884 847 2969 igitur
867 2886 991 2969 genesis
1013 2906 1103 2953 meae
1125 2891 1157 2953 et
1178 2891 1347 2972 parentum
1369 2902 1500 2952 meorum

341 3002 554 3085 derivationis,
579 3000 712 3086 qualiter
726 3000 843 3085 viram,
866 3007 916 3068 set
930 3002 1056 3069 divinae
1069 3002 1200 3087 gratim,
1224 3022 1305 3087 quae
1320 3008 1353 3069 et
1367 2999 1501 3090 prevenit

343 3123 375 3185 et
396 3118 533 3202 adinum,
557 3118 607 3184 cui
622 3118 747 3184 vocanti
770 3118 846 3205 quin
867 3118 964 3184 immo
987 3117 1125 3184 trahenti
1147 3117 1346 3184 recalcitrare
1369 3125 1404 3185 et
1415 3114 1499 3183 reniti

343 3236 432 3320 quasi
464 3235 607 3319 ingratus
634 3254 698 3299 non
726 3233 832 3301 debeo.
883 3228 1048 3301 Uterinos⁸
1074 3240 1159 3300 certe
1184 3233 1300 3319 haheo,
1334 3234 1369 3300 in
1397 3233 1499 3320 quihus

342 3349 428 3417 Deus
450 3354 572 3417 tantm
594 3370 668 3417 suae
690 3349 840 3417 honitatis
862 3370 926 3417 non
940 3356 989 3416 eet
1003 3349 1148 3433 wotos
1164 3370 1309 3417 exercere
1323 3350 1497 3436 potamion

430 3465 531 3533 Effera
555 3466 682 3533 domum
703 3462 862 3533 nostram⁴
882 3466 1049 3553 preconiis.
1084 3464 1170 3544 Quae
1185 3466 1311 3551 quidem
1325 3466 1427 3533 multo
1442 3484 1497 3531 mc·

341 3582 403 3650 lior
424 3588 481 3668 est,
505 3602 600 3669 quam
622 3582 735 3665 dignus
758 3583 830 3666 eim,
852 3586 902 3649 set
922 3582 1130 3648 inordinatior
1151 3602 1247 3668 quam
1268 3582 1373 3650 veiim.
1409 3581 1499 3647 Tanta

342 3704 390 3767 est
412 3700 496 3767 enim
515 3700 607 3766 huius
622 3698 773 3784 temporis
788 3697 994 3781 contumacia,
1016 3702 1107 3763 tanta
1120 3698 1306 3785 disciplinae
1319 3696 1497 3785 profligatio,

340 3820 378 3883 ut
402 3836 467 3882 nou
493 3816 634 3904 accipere
656 3814 772 3881 nedum
794 3814 911 3881 sentire
933 3814 1171 3897 castigationem
1192 3815 1270 3882 velit
1290 3814 1357 3881 ulla
1378 3812 1495 3893 anilia,

342 3938 374 3999 et
395 3931 477 3999 fallit
499 3952 572 4019 sepe
595 3930 650 3997 illa
671 3935 759 3997 tanto
782 3935 923 4017 tempore
945 3929 1073 3999 laudata
1095 3932 1265 3998 sententia:
1288 3946 1323 3997 at
1339 3945 1432 4019 poter
1442 3930 1495 4016 fu·

340 4050 461 4130 mitius,
490 4054 537 4116 ito
564 4062 592 4115 et
620 4050 729 4115 donnus
758 4052 832 4115 eiua
878 4046 1025 4114 Ceterum
1049 4047 1170 4114 familia
1191 4052 1300 4115 nostra
1322 4049 1422 4114 arcior
1441 4062 1494 4112 nou

413 4170 647 4238 1.10ren.17,9.
715 4171 742 4225 ⁶2.
760 4169 853 4225 laooh.
866 4171 890 4238 1,
903 4170 947 4225 17.
1008 4170 1036 4224 8.
1053 4168 1211 4225 Ewttcldi
1228 4169 1346 4226 uterinis
1364 4164 1494 4239 (quoohit

341 4258 527 4329 teimpietate
537 4259 654 4330 quadarn
664 4258 850 4329 reprehendit)
862 4274 918 4314 uon
929 4258 1057 4314 novimen
1067 4259 1121 4314 nisi
1132 4258 1360 4315 Erchernhertnm
1371 4262 1407 4326 (v.
1417 4270 1457 4325 ep.
1464 4252 1493 4307 lt

340 4364 370 4419 p.
380 4349 429 4420 993
452 4354 482 4406 et
494 4348 617 4405 Wibatdi
641 4347 698 4404 tah.
715 4364 761 4417 ap.
778 4349 900 4405 Martem
919 4347 988 4405 coll.
1003 4348 1037 4403 11.
1055 4349 1117 4413 116)
1135 4354 1164 4405 et
1180 4347 1392 4417 Eriemholdunr,
1408 4348 1492 4416 pont
1551 4339 1552 4356 .

341 4437 861 4507 ahhatemStahulcnsenr(r.1anssen
878 4437 989 4493 Wihald
1007 4452 1036 4507 p.
1049 4439 1083 4504 t).
1155 4436 1403 4494 tambaiensem.
1551 4447 1552 4460 ¹
