3117 4859
321 277 385 346 104
668 297 819 346 wmsunr
839 295 1026 346 uersuum
1046 295 1083 344 as.
1100 297 1138 345 av.

407 438 487 508 Cum
500 439 628 526 quidem
643 439 740 525 Deus,
763 461 828 507 non
842 441 1008 508 immemor
1021 437 1242 507 benefitiorum
1257 459 1385 508 suorum
1408 461 1482 528 quae

319 577 339 623 a
360 557 484 624 sseeulo
507 563 590 642 sunt,
617 555 775 642 delegavit
797 556 946 624 ecelesiae
967 562 1095 624 nostrae
1116 558 1279 625 dominum
1300 562 1333 624 st
1353 561 1482 645 patrem,

317 674 406 760 prius
430 673 557 759 quidem
579 679 730 760 vestrum,
752 693 838 740 nune
860 679 966 741 sutem
988 681 1021 740 et
1040 680 1181 741 vestrum
1203 679 1235 741 et
1256 679 1410 758 nostrum,
1433 675 1483 760 qui

317 791 410 856 unius
432 791 532 876 petris
555 790 612 858 filii
634 812 759 877 sumus,
788 790 913 858 vinculo
936 767 1046 878 utique
1067 810 1235 875 germanae
1257 791 1400 858 caritatis
1421 811 1483 858 me

317 906 424 974 dieute
445 907 513 975 Deo
540 909 604 974 iem
631 929 696 974 non
724 908 906 993 ignobiliter
928 907 1071 975 eenneeti
1093 907 1269 994 incipimus.
1315 906 1483 994 Inprimis

318 1044 392 1108 erge
413 1029 538 1091 vestrae
566 1023 727 1091 dilectioni
750 1046 844 1111 quam
868 1025 1022 1092 meximes
1046 1029 1078 1091 et
1100 1044 1195 1110 quam
1218 1023 1345 1091 devotas
1369 1023 1483 1107 gratis-

316 1161 389 1206 rum
412 1141 549 1207 artiones
569 1146 680 1208 nostre
694 1140 829 1208 exsolvit
843 1140 983 1226 ecelesia,
1007 1141 1081 1228 quia
1095 1141 1192 1207 talem
1207 1160 1243 1207 ee
1258 1143 1365 1207 tantae
1381 1145 1484 1206 suste

316 1257 421 1323 ritetis
442 1259 564 1343 vnum,
593 1259 681 1324 euius
709 1259 866 1325 industria
892 1259 974 1325 sieut
1001 1259 1034 1324 in
1062 1258 1150 1324 euria
1170 1257 1253 1341 regis
1277 1256 1410 1324 eelebris
1432 1257 1484 1323 ha·

317 1373 409 1441 betur
431 1373 477 1440 sie
497 1374 532 1440 in
546 1372 689 1441 Romana
711 1374 843 1442 eeclesia
863 1395 926 1442 non
945 1375 1117 1459 ignoratur,
1141 1372 1215 1459 quia
1229 1374 1321 1457 hunc,
1344 1374 1483 1460 inquam,

317 1489 420 1556 virum
448 1496 576 1557 nostres
598 1491 791 1575 indigentiae
813 1491 1026 1559 necessarium
1048 1510 1112 1557 nen
1132 1490 1247 1557 invidit
1267 1489 1358 1558 nobis
1381 1495 1486 1558 vestra

316 1606 513 1690 fraternitam
540 1627 604 1674 non
626 1612 750 1674 tantum
773 1608 984 1695 adpraesens
1007 1606 1216 1692 gratulamur,
1239 1607 1295 1674 sed
1316 1607 1434 1674 iterum
1455 1611 1485 1676 et

318 1723 462 1809 saepius,
487 1743 548 1809 que
571 1724 691 1808 gratius
714 1728 764 1790 est
785 1725 876 1792 nobis
900 1724 982 1811 qued
1004 1724 1122 1790 laetum
1145 1729 1208 1809 est,
1231 1728 1320 1790 tante
1342 1722 1484 1790 devotius

317 1844 441 1906 vestrae
461 1840 698 1908 benevolentiae
720 1840 957 1925 gratulabimur.
992 1839 1060 1907 Hae
1082 1861 1205 1927 queque
1226 1859 1291 1908 non
1311 1840 1418 1907 minus
1434 1840 1485 1907 eb-

316 1955 392 2022 nixe
418 1976 601 2042 preeamur,
634 1963 671 2024 ut
696 1956 790 2024 buius
817 1958 899 2024 tanti
926 1957 1027 2044 patris
1056 1957 1230 2024 absentiam
1259 1955 1485 2042 aequanimiter

318 2069 475 2139 sufferatis
497 2084 647 2160 eumque·
670 2073 820 2142 eeclesiae
842 2079 983 2158 nostrae,
1010 2077 1105 2160 prout
1126 2079 1251 2160 tempus
1272 2079 1393 2158 menet,
1414 2093 1485 2161 pre-

318 2189 439 2275 spieere
461 2190 699 2274 congaudeatis3
723 2191 880 2277 siquidem
903 2196 935 2258 et
956 2189 1015 2256 hee
1036 2190 1178 2256 futurarm
1192 2209 1256 2256 nen
1271 2190 1483 2277 desperamus,

317 2309 354 2370 ut
375 2306 539 2391 utriusque
562 2306 728 2392 ecelesias,
757 2312 885 2376 nestrae
908 2305 1028 2374 scilieet
1051 2311 1082 2373 et
1103 2312 1242 2391 vestrae,
1264 2307 1425 2394 proiectus
1447 2307 1484 2374 ab

317 2421 478 2489 alterutris
500 2423 673 2509 aequaliter
696 2423 889 2492 desideretur
912 2430 954 2509 et,
977 2424 1051 2510 quia
1073 2423 1185 2490 borum
1207 2423 1340 2490 duorum
1354 2443 1484 2509 gregum

316 2559 398 2605 unus
414 2544 463 2606 est
475 2545 594 2627 paster,
619 2561 656 2608 ee
670 2541 830 2608 mediante
852 2542 886 2607 in
906 2561 1003 2608 unum
1024 2541 1251 2628 eonseeientur,
1272 2545 1304 2610 et
1317 2540 1380 2608 bue
1394 2541 1483 2607 mode

318 2653 471 2723 efficiatur
492 2679 592 2724 mum
613 2657 696 2726 evile
718 2661 750 2726 et
771 2677 852 2723 unus
875 2662 993 2744 pastor.
1029 2656 1148 2723 Valete.

320 2974 382 3046 27.
408 2978 604 3046 stabulenses
619 2979 849 3046 Corbes‘enss‘bss
870 2981 1062 3068 respondent.
1098 2978 1273 3048 wibaldum
1292 2980 1436 3046 attam
1448 2981 1483 3044 s's's

407 3117 581 3160 comesam
602 3093 841 3162 eorammdest'.
1344 3093 1401 3175 (M.
1421 3093 1481 3176 ll.)

406 3234 687 3303 Reverendissimis
714 3236 749 3303 in
771 3236 897 3304 Christo
924 3235 1068 3323 patribus
1095 3235 1161 3302 suis
1190 3241 1223 3302 et
1248 3236 1386 3304 dominis
1401 3235 1482 3305 Wal-

318 3352 408 3420 tbero
423 3351 605 3419 corbeiensi
618 3353 791 3420 venerabili
814 3352 923 3439 priori,
944 3350 1115 3420 Adelberte
1137 3352 1316 3439 praeposite
1339 3355 1482 3439 omnique

319 3468 460 3536 eiusdem
483 3468 633 3536 ecelesiae
655 3473 763 3535 saneto
787 3468 954 3536 conventui
975 3468 1074 3535 frater
1094 3467 1274 3551 R(0bertus)
1290 3467 1481 3537 Stabulensis

318 3584 470 3653 eeclesiae
492 3585 638 3671 decanus,
666 3584 774 3653 Simon
797 3585 995 3672 praepositus
1017 3585 1206 3672 humilisque
1229 3585 1339 3653 eedem
1360 3587 1396 3652 in
1417 3587 1481 3654 lem

317 3722 395 3786 grex
418 3701 544 3769 Christe
571 3701 727 3786 militans,
757 3703 854 3769 totius
881 3701 1056 3769 devotionis
1085 3707 1117 3770 et
1138 3703 1315 3770 orationum
1337 3703 1480 3792 promtis

317 3820 433 3887 simum
454 3839 578 3885 munus.

406 3935 556 4022 deceptis
578 3939 611 4001 et
630 3933 778 4022 perlectis
800 3933 926 4020 litteris,
950 3953 1027 4022 quas
1043 3935 1194 4023 parvitati
1207 3940 1335 4002 nostres
1349 3955 1408 4021 per
1420 3935 1479 4002 fra·

318 4057 383 4120 tres
405 4058 531 4119 nostres
553 4056 661 4118 vestra
680 4050 859 4118 transmisit
879 4053 992 4139 pietas,
1015 4051 1173 4139 spirituali
1187 4051 1301 4137 gaudie
1317 4051 1479 4120 admodum

319 4168 420 4252 gavisi
447 4188 570 4252 sumus,
598 4168 632 4234 in
657 4167 717 4234 hee
737 4167 953 4255 potissimum,
982 4169 1066 4254 qued
1086 4169 1259 4254 margarita
1279 4169 1337 4236 illa
1358 4167 1477 4238 eoeleslu'

318 4304 449 4350 munere
469 4284 657 4373 peroptima,
682 4303 761 4370 quae
784 4284 823 4351 de
845 4285 1000 4352 thesauris
1024 4285 1171 4354 ecelesiae
1192 4291 1320 4355 nostrae
1333 4287 1475 4354 haetenus

391 4457 412 4492 ι
432 4457 527 4507 tumque
542 4446 579 4495 ed.
638 4444 661 4493 b·
680 4462 702 4494 s.
717 4462 789 4507 supra
801 4445 882 4506 ρ.103
897 4464 919 4492 ιι.
931 4463 953 4493 s.
