3117 4859
231 405 301 462 1154

218 482 274 528 Dec.
284 482 314 528 29

241 2744 311 2801 1155

240 2819 287 2866 Ian.
298 2820 312 2865 b

333 241 400 308 570
670 257 819 306 wmnnnr
839 255 1026 306 nursronun
1045 257 1100 304 roc
1115 255 1169 304 aaa.

332 407 454 485 tanum,
477 419 548 467 oum
571 399 683 467 maiori
704 398 821 467 fiducia
841 398 956 467 debeas
976 399 1155 487 implorare.
1235 399 1289 466 Ad
1311 399 1394 466 baec
1413 419 1498 464 vene

331 517 464 585 rabilem
495 517 627 583 fratrem
654 521 796 582 nostrum
826 515 1001 600 Gtenoinm)
1029 515 1234 583 Portnensem
1262 514 1449 602 episcopum
1474 521 1501 580 et

332 632 461 700 dilectos
494 629 575 700 filios
604 637 728 700 nostros
756 631 998 714 Bternhardum)
1027 632 1113 698 tituli
1142 633 1244 700 sancti
1271 633 1502 700 clementissi

332 747 564 832 0(otauianum)
592 749 677 815 tituli
705 753 832 816 sanotae
853 747 988 816 ceciliae
1013 749 1204 835 presbiteros
1226 748 1425 830 cardinales,
1453 747 1503 833 qui

333 865 416 953 apud
444 870 652 932 memoratum
674 864 894 948 F(riderioum)
922 864 1078 932 illustrem
1099 865 1314 932 Romanorum
1334 883 1447 948 regem
1467 883 1503 930 ex

331 981 480 1048 mandato
508 987 615 1048 nostro
642 980 800 1065 legatione
826 982 1014 1066 funguntur,
1042 981 1082 1047 de
1107 981 1225 1048 bonore
1252 986 1286 1048 et
1313 981 1504 1048 exaltatione

330 1095 490 1164 Romanae
513 1097 682 1165 aecclesiae
705 1103 737 1165 et
759 1098 799 1164 de
821 1097 922 1165 salute
943 1097 1032 1181 regni
1054 1117 1127 1163 eum
1141 1116 1189 1182 eo,
1211 1103 1342 1164 auctore
1357 1097 1504 1177 Domino,

331 1214 507 1298 tractaturi,
531 1214 711 1281 discretioni
733 1219 806 1280 tuae
828 1214 977 1280 attentius
992 1214 1262 1294 commendamns3
1285 1219 1454 1298 rogantes,
1473 1219 1504 1276 ut

332 1351 385 1398 eos
407 1336 570 1416 tamquam
592 1335 716 1398 nosmet
737 1330 824 1419 ipsos
845 1331 975 1398 honeste
996 1332 1154 1418 recipere·
1177 1349 1214 1397 ac
1234 1331 1339 1397 modis
1359 1329 1503 1396 omnubus

332 1447 458 1515 studeas
480 1447 634 1514 honorare
658 1451 689 1514 ct
710 1447 744 1514 in
767 1447 833 1514 suis
855 1446 1120 1534 oportunitatibus
1143 1447 1188 1514 eis
1209 1445 1386 1514 honorifice
1401 1447 1503 1534 prosi

331 1563 415 1631 dere.
448 1561 483 1630 Si
506 1564 590 1630 enim
611 1569 746 1630 matrem
764 1569 852 1629 tuam
866 1564 970 1650 ipsam
984 1562 1160 1630 Romanam
1173 1562 1340 1630 ecelesiam
1353 1583 1503 1648 remma

330 1680 414 1747 veris
443 1685 476 1746 et
503 1680 532 1746 ei
554 1681 711 1748 studueris
733 1679 875 1748 debitum
897 1680 1061 1746 servitium
1083 1685 1116 1746 et
1136 1680 1288 1748 honorem
1308 1681 1504 1768 impendar,

330 1798 403 1884 ipsa
423 1816 547 1882 qnoque
568 1802 600 1864 te
623 1817 714 1864 suurn
736 1796 906 1883 specialem
927 1794 1028 1861 filiurn
1049 1803 1252 1881 recognoscet
1267 1796 1318 1864 et*
1332 1803 1369 1864 te
1384 1798 1503 1864 curabit

330 1913 365 1979 in
386 1912 450 1979 tuis
472 1911 735 1999 postulationibus
757 1912 890 1980 celerius
912 1917 944 1978 et
957 1911 1081 1980 facilius
1096 1914 1254 1980 exaudire.
1285 1913 1375 1980 Data
1389 1913 1503 1980 Romae

330 2029 413 2116 apud
437 2029 587 2097 Sanctum
608 2028 737 2097 Petrum
759 2032 782 2096 4
801 2028 871 2096 Kal.
892 2029 971 2096 Ian·

331 2349 420 2420 435.
442 2353 601 2418 Adrianus
622 2351 643 2418 1
646 2352 676 2417 V
694 2375 787 2440 popa
808 2351 995 2417 Bmabordo
1026 2355 1168 2440 episcopo
1196 2351 1455 2418 Pederbomeaai
1478 2363 1502 2416 ct

443 2468 493 2534 Gi.
511 2471 615 2534 abbati
630 2469 849 2535 Liesbornensi
862 2468 1000 2550 mandat,
1023 2479 1058 2533 nt
1072 2469 1244 2534 littermm
1258 2467 1373 2533 boram
1397 2469 1502 2533 lotarie

441 2609 567 2652 cansam
589 2585 764 2672 disceptent.
1337 2581 1396 2663 (id.
1415 2583 1500 2663 437.)

419 2726 579 2794 Adrianus
609 2726 774 2812 episcopus
803 2745 912 2792 servus
940 2743 1103 2792 serrorum
1126 2723 1188 2791 Dei
1213 2723 1391 2792 venerabili
1414 2726 1502 2792 fratri

329 2843 538 2928 Btornhardo)
568 2841 834 2908 Patberbumensi
862 2841 1008 2928 episcopo
1037 2845 1070 2908 et
1096 2840 1211 2907 dilecto
1237 2839 1303 2906 tilio
1330 2839 1383 2908 Gi.
1417 2842 1502 2910 Lien

329 2962 480 3030 bernensi
502 2959 610 3026 abbati
632 2958 766 3024 salutem
789 2963 821 3024 et
843 2957 1046 3044 apostolicam
1066 2956 1328 3024 benedictionem

419 3076 545 3142 Latoris
560 3075 755 3162 presentium
770 3074 812 3140 ad
827 3073 910 3140 sedis
926 3073 1116 3161 apostolicae
1130 3071 1330 3141 clementiam
1345 3076 1501 3142 venienda

330 3193 586 3280 conquestionem
609 3191 802 3277 accepimus,
831 3189 914 3275 quod
936 3190 1072 3275 quadam
1094 3189 1259 3275 aecclesia,
1288 3211 1385 3276 quam
1410 3213 1502 3259 cano

330 3309 400 3392 nice
423 3308 619 3395 possidebat,
649 3307 826 3392 {aquodam
849 3307 891 3373 sit
919 3307 1093 3393 presbitero
1115 3313 1225 3374 eontra
1245 3307 1408 3374 iusticiam
1430 3329 1501 3396 spo

329 3425 434 3492 batus.
469 3424 517 3490 Ne
538 3424 636 3507 igitur
658 3443 715 3509 pro
738 3423 863 3489 defectu
882 3423 1026 3490 iusticias
1046 3444 1168 3511 pauper
1184 3424 1245 3490 iste
1259 3430 1393 3508 cogatur
1408 3426 1501 3492 suati-

329 3561 405 3610 nere
426 3541 592 3624 iacturam,
615 3559 673 3626 per
694 3540 855 3626 presentia
874 3538 963 3606 vobis
985 3539 1105 3625 scripta
1124 3541 1323 3623 mandamus,
1344 3548 1500 3626 quatenus

329 3664 495 3742 utramque
517 3661 642 3743 partem
663 3661 768 3723 uestro
790 3655 914 3722 faciatis
936 3657 1118 3742 conspectui
1131 3657 1325 3744 presentari;
1348 3664 1382 3724 et
1403 3659 1499 3724 ratio

329 3774 422 3840 nibus
444 3773 582 3861 partium
606 3772 770 3857 diligenter
794 3772 910 3840 auditis
932 3777 965 3839 et
986 3773 1135 3857 cognitis,
1158 3792 1286 3840 oausam
1307 3774 1412 3861 ipsam
1436 3795 1499 3842 mc·

329 3890 436 3958 diante
459 3889 584 3956 iusticia
606 3889 772 3956 canonicet
794 3889 978 3957 terminetis.
1013 3887 1099 3956 Data
1119 3889 1218 3957 Rome
1239 3889 1323 3976 apud
1346 3888 1497 3958 Sanctum

328 4005 458 4074 Petrum
481 4008 502 4073 3
524 4006 605 4073 Non.
621 4006 768 4073 Ianuarii.

400 4305 421 4338 a.
440 4291 517 4351 recipe
533 4292 585 4338 cod.
646 4289 668 4337 b.
685 4293 708 4338 et
724 4289 816 4338 addida
877 4303 897 4337 o.
912 4289 961 4338 ini.
976 4307 996 4336 c.
1058 4289 1204 4338 dornoniae
1219 4291 1271 4339 cod
