3117 4859
388 282 537 333 wmnnm
558 284 744 333 nnmnonsn
765 284 819 331 ιιι.
836 284 890 331 ιιι.
1158 268 1221 336 291

80 420 150 492 171.
171 424 326 493 (Μιαὶᾰω
338 424 519 493 Heirm'taam
542 429 719 515 episcopam
734 429 928 493 medensem
948 440 1050 515 ropat,
1072 440 1108 495 ot
1127 431 1161 494 ιιι
1176 453 1224 495 ec·

168 543 256 609 cleric
277 542 495 609 Komieatemi
514 567 604 611 sacre
622 567 799 631 procurare
821 545 976 611 comedat.
1063 543 1117 626 (Μ.
1137 544 1224 626 155.)

146 673 322 742 Reverendo
351 677 437 764 patri
464 696 520 743 suo
549 682 581 743 et
603 676 729 743 domino
751 676 925 759 Hteimico)
948 677 1121 745 venorabili
1143 677 1313 806 Min-1149

28 787 31 792 ’
74 788 163 855 danais
187 791 334 859 ecclesiae
358 793 504 881 episcopo
526 792 625 859 frater
643 792 832 875 W(ibaldue)
855 793 917 859 Dei
937 794 1042 878 gratia
1063 794 1112 881 id,
1141 758 1308 881 quoin

74 908 134 971 cst'
127 928 157 972 ιι
171 908 319 975 mcclesia
333 909 497 994 catholica,
521 911 650 994 exiguas
666 910 824 976 orationes
839 916 871 976 et
886 910 1034 977 devotum
1048 912 1223 979 servitium.

147 1022 270 1092 Fratres
291 1026 403 1110 nostri,
426 1026 502 1093 dum
523 1028 615 1092 iuxta
628 1026 814 1093 mandatum
832 1027 938 1093 domni
954 1047 1056 1114 papae
1071 1033 1104 1093 st
1117 1027 1226 1094 domni

72 1140 142 1223 regis
163 1140 201 1207 ad
222 1143 485 1209 restaurationem
499 1140 733 1209 Kaminatensis
757 1143 906 1211 ecclesiae
928 1142 1082 1228 laborant,
1107 1145 1146 1210 ab
1164 1145 1226 1210 ini·

71 1256 139 1322 nico
159 1259 254 1325 totius
277 1258 388 1325 salutis
410 1260 558 1345 temptati
581 1266 613 1325 et
633 1260 812 1327 exacerbati
827 1261 965 1327 iurarunt.
999 1260 1083 1329 Nam
1096 1261 1225 1346 qnidam

70 1392 137 1457 puer
160 1375 330 1442 monachus
359 1376 398 1443 de
424 1376 559 1443 culmino
582 1373 707 1462 templi,
738 1376 789 1442 cui
810 1382 887 1443 tunc
908 1377 1077 1461 retegendo
1099 1377 1226 1444 insiste-

70 1488 142 1575 bant,
163 1490 280 1579 lapsus,
302 1493 338 1557 in
360 1493 539 1579 pavimento
563 1492 713 1559 ecclesiae
735 1492 863 1559 collisus
884 1494 1052 1580 expiravit
1075 1493 1162 1560 nullo
1177 1500 1226 1560 ta·

69 1624 130 1672 nan
150 1627 259 1674 cruore
282 1606 388 1675 effuso.
424 1608 513 1675 Unde
537 1608 677 1676 advoluti
699 1609 804 1674 animo
824 1610 957 1696 pedibus
972 1615 1095 1678 vestrae
1111 1612 1226 1677 sanci-

68 1724 132 1789 tatia
156 1744 320 1809 rogamus,
349 1730 386 1791 ut
411 1746 469 1811 pro
496 1726 674 1793 reverentia
701 1724 810 1791 domni
838 1746 940 1813 papae
969 1733 1001 1793 et
1027 1748 1086 1814 pro
1108 1727 1227 1794 honora

68 1836 162 1906 domni
182 1842 267 1925 regis
290 1846 322 1907 et
344 1842 433 1925 regni
455 1843 545 1908 iuxta
567 1842 788 1909 discretionem
809 1841 899 1909 vobis
917 1844 938 1909 a
956 1842 1024 1911 Deo
1046 1863 1227 1911 concessam

66 1957 256 2043 provideatis,
279 1978 319 2024 ne
341 1956 428 2024 locus
450 1958 504 2024 ille
528 1958 643 2025 divinis
665 1978 724 2046 pro
742 1959 801 2026 hoc
816 1958 927 2026 officiis
942 1960 1093 2047 privetur.
1161 1960 1227 2028 Do-

66 2070 154 2140 lemus
175 2074 279 2160 valde,
303 2075 385 2159 quod
406 2074 584 2141 desiderato
607 2080 639 2141 et
660 2076 776 2142 totiens
795 2077 935 2163 expetito
952 2076 1107 2164 colloquio
1121 2083 1227 2144 vestro

66 2188 119 2255 irai
144 2212 209 2257 non
231 2192 406 2278 potuimus,
435 2211 508 2257 cum
530 2189 619 2257 vobis
641 2194 675 2257 in
699 2193 832 2259 veritate
854 2193 973 2261 servire
997 2199 1029 2259 et
1050 2214 1107 2260 voa
1128 2194 1227 2261 hono·

65 2324 127 2373 rare
147 2308 253 2395 parati
274 2308 383 2374 simus.

68 2516 143 2588 172.
166 2523 327 2589 Wbaldoa
350 2522 685 2589 platomonensem
701 2525 874 2609 praecipit,
902 2535 938 2589 ot
963 2524 1153 2605 metatum,
1181 2527 1229 2588 rei

163 2638 363 2705 monachicae
386 2642 578 2721 desertor-ern,
604 2650 791 2705 coerceretur.
1066 2636 1120 2720 (Μ.
1140 2638 1226 2719 156.)

142 2771 256 2839 Frater
272 2770 461 2855 W(ibaldus)
484 2771 545 2838 Dei
573 2772 676 2855 gratia
699 2770 895 2839 stabulensis
922 2772 1090 2839 aecclesiae
1119 2792 1227 2838 servus
1246 2783 1316 2838 1149

63 2884 175 2956 dilectis
198 2890 235 2955 in
250 2888 375 2955 Christo
397 2888 549 2955 fratibus
572 2894 604 2954 et
623 2886 697 2953 filiis
712 2886 1051 2956 Maimundaricnsibns
1066 2888 1227 2955 monachia

63 2996 305 3072 benedictionem
328 3010 359 3071 et
381 3004 481 3071 vitam
502 3024 601 3090 usquo
622 3004 656 3071 in
680 3003 829 3070 seculum

142 3122 331 3190 Venientem
354 3122 394 3187 ad
416 3142 473 3187 nos
495 3121 627 3187 fratrem
648 3121 806 3207 quondam
820 3126 964 3188 nostrum
977 3118 1159 3189 Liebertum
1174 3122 1228 3189 bc·

62 3236 163 3323 tigne,
187 3243 285 3326 prout
305 3236 410 3322 licuit,
433 3238 618 3325 recepimus.
654 3238 753 3316 Quem
776 3257 848 3304 cum
870 3258 975 3305 coram
997 3238 1149 3305 iratribus
1172 3239 1228 3305 de·

62 3352 114 3439 his,
136 3355 251 3441 quibus
274 3374 331 3420 nos
354 3359 386 3420 et
408 3352 572 3420 ecclesiam
596 3354 701 3441 sepius
724 3352 905 3439 offenderat,
928 3360 1060 3442 patema
1076 3356 1154 3422 satis
1168 3375 1227 3443 pro

60 3474 196 3558 tempore
220 3475 252 3537 et
267 3490 303 3537 re
320 3470 613 3557 increpavissemus,
635 3470 831 3537 iniunximus
847 3472 948 3559 cipro
964 3492 1055 3559 pena,
1079 3473 1108 3538 si
1121 3478 1229 3539 tammo

60 3604 136 3671 pana
163 3588 228 3655 dici
255 3586 372 3673 possit,
408 3592 444 3653 nt
471 3586 635 3653 nobiscum
662 3587 746 3673 apud
776 3587 944 3655 Stabulaus
971 3609 1060 3656 more
1087 3589 1227 3656 fraterno

60 3708 212 3787 moereo,
235 3702 351 3786 donec,
374 3702 519 3790 inspecta
542 3703 607 3769 eius
631 3702 824 3789 humilitate,
854 3704 930 3789 quid
952 3705 1108 3790 agendum
1134 3710 1227 3789 esset,

60 3814 121 3885 neo
138 3824 268 3886 auctore
282 3819 470 3885 videremus.
505 3818 576 3885 Non
599 3818 700 3887 solum
722 3840 787 3886 non
809 3822 974 3906 acquievit,
999 3827 1048 3889 sot
1063 3822 1098 3887 in
1111 3821 1228 3887 furiam

61 3936 142 4001 etin
166 3956 246 4019 eam,
270 3956 333 4021 qua
356 3935 517 4022 arrepticii
531 3936 684 4020 feruntur,
707 3937 869 4003 vesaniam
884 3956 1062 4022 conversus,
1085 3934 1227 4003 cultellos

60 4056 89 4115 et
113 4072 219 4137 arma,
248 4052 362 4137 quibus
392 4072 426 4119 sa
450 4056 481 4117 et
503 4072 560 4117 nos
582 4053 793 4137 interimeret,
825 4074 970 4140 querere,
999 4052 1228 4140 desperationis

59 4166 151 4235 verba
179 4189 233 4235 ora
256 4168 408 4253 sacrilego
430 4188 591 4255 promere,
619 4168 777 4256 symbolo,
806 4170 841 4236 id
863 4175 911 4237 est
933 4170 1030 4237 Credo
1053 4174 1088 4235 in
1111 4170 1226 4253 Deam,

60 4282 207 4369 derogare
235 4290 282 4370 et,
314 4285 397 4372 quod
423 4305 595 4370 numquam
618 4284 753 4372 amplius
775 4285 879 4354 Deum
902 4288 1075 4370 invocaret,
1104 4286 1232 4355 seviens

129 4423 150 4455 a.
173 4414 195 4457 et
210 4428 230 4457 c.

958 4495 1016 4552 la*
