<?xml version="1.0" encoding="UTF-8"?>
<!DOCTYPE html PUBLIC "-//W3C//DTD XHTML 1.0 Transitional//EN"
    "http://www.w3.org/TR/xhtml1/DTD/xhtml1-transitional.dtd">
<html xmlns="http://www.w3.org/1999/xhtml" xml:lang="en" lang="en">
 <head>
  <title>
</title>
<meta http-equiv="Content-Type" content="text/html;charset=utf-8" />
  <meta name='ocr-system' content='tesseract 3.04.00' />
  <meta name='ocr-capabilities' content='ocr_page ocr_carea ocr_par ocr_line ocrx_word'/>
</head>
<body>
  <div class='ocr_page' id='page_1' title='image "./bibliothecareru05jaffgoog_0423.png"; bbox 0 0 3117 4859; ppageno 0'>
   <div class='ocr_carea' id='block_1_1' title="bbox 450 268 1237 337">
    <p class='ocr_par' dir='ltr' id='par_1_1' title="bbox 450 268 1237 337">
     <span class='ocr_line' id='line_1_1' title="bbox 450 268 1237 337; baseline 0.005 -4"><span class='ocrx_word' id='word_1_1' title='bbox 450 284 598 333; x_wconf 76' lang='lat' dir='ltr'><strong>vrsarru</strong></span> <span class='ocrx_word' id='word_1_2' title='bbox 619 284 785 336; x_wconf 80' lang='lat' dir='ltr'><strong>arranem</strong></span> <span class='ocrx_word' id='word_1_3' title='bbox 807 283 861 333; x_wconf 73' lang='lat' dir='ltr'><strong>aaa</strong></span> <span class='ocrx_word' id='word_1_4' title='bbox 1171 268 1237 337; x_wconf 78' lang='lat'><strong>421</strong></span> 
     </span>
    </p>
   </div>
   <div class='ocr_carea' id='block_1_2' title="bbox 58 425 1415 2726">
    <p class='ocr_par' dir='ltr' id='par_1_2' title="bbox 58 425 1415 2726">
     <span class='ocr_line' id='line_1_2' title="bbox 64 425 1415 514; baseline -0.002 -21"><span class='ocrx_word' id='word_1_5' title='bbox 64 426 250 493; x_wconf 70' lang='lat' dir='ltr'><strong>versatione</strong></span> <span class='ocrx_word' id='word_1_6' title='bbox 279 425 368 510; x_wconf 87' lang='lat' dir='ltr'><strong>digni</strong></span> <span class='ocrx_word' id='word_1_7' title='bbox 397 426 582 512; x_wconf 83' lang='lat' dir='ltr'><strong>existerent,</strong></span> <span class='ocrx_word' id='word_1_8' title='bbox 617 447 695 513; x_wconf 85' lang='lat' dir='ltr'><strong>qnos</strong></span> <span class='ocrx_word' id='word_1_9' title='bbox 723 425 853 514; x_wconf 89' lang='lat' dir='ltr'><strong>speciali</strong></span> <span class='ocrx_word' id='word_1_10' title='bbox 880 426 1089 495; x_wconf 71' lang='lat' dir='ltr'><strong>fraternitatis</strong></span> <span class='ocrx_word' id='word_1_11' title='bbox 1116 428 1240 497; x_wconf 89' lang='lat' dir='ltr'><strong>vinculo</strong></span> <span class='ocrx_word' id='word_1_12' title='bbox 1293 432 1365 491; x_wconf 74' lang='lat'>1150</span> <span class='ocrx_word' id='word_1_13' title='bbox 1406 456 1415 477; x_wconf 57' lang='lat' dir='ltr'>x</span> 
     </span>
     <span class='ocr_line' id='line_1_3' title="bbox 63 506 1408 631; baseline 0.001 -20"><span class='ocrx_word' id='word_1_14' title='bbox 63 542 207 611; x_wconf 79' lang='lat' dir='ltr'><strong>fratrum</strong></span> <span class='ocrx_word' id='word_1_15' title='bbox 229 541 358 628; x_wconf 77' lang='lat' dir='ltr'><strong>mllegio</strong></span> <span class='ocrx_word' id='word_1_16' title='bbox 382 543 510 613; x_wconf 77' lang='lat' dir='ltr'><strong>deberet</strong></span> <span class='ocrx_word' id='word_1_17' title='bbox 525 564 705 629; x_wconf 88' lang='lat' dir='ltr'><strong>aggregare.</strong></span> <span class='ocrx_word' id='word_1_18' title='bbox 735 543 854 611; x_wconf 89' lang='lat' dir='ltr'><strong>Verum</strong></span> <span class='ocrx_word' id='word_1_19' title='bbox 868 543 931 631; x_wconf 87' lang='lat' dir='ltr'><strong>ipsi</strong></span> <span class='ocrx_word' id='word_1_20' title='bbox 952 563 1017 611; x_wconf 92' lang='lat' dir='ltr'><strong>non</strong></span> <span class='ocrx_word' id='word_1_21' title='bbox 1032 543 1135 611; x_wconf 88' lang='lat' dir='ltr'><strong>solum</strong></span> <span class='ocrx_word' id='word_1_22' title='bbox 1150 564 1240 613; x_wconf 87' lang='lat' dir='ltr'><strong>onor·</strong></span> <span class='ocrx_word' id='word_1_23' title='bbox 1254 506 1408 571; x_wconf 44' lang='lat' dir='ltr'><strong>*pt-⁰⁰⁸</strong></span> 
     </span>
     <span class='ocr_line' id='line_1_4' title="bbox 63 658 1240 745; baseline 0.002 -18"><span class='ocrx_word' id='word_1_24' title='bbox 63 658 165 727; x_wconf 86' lang='lat' dir='ltr'><strong>miter</strong></span> <span class='ocrx_word' id='word_1_25' title='bbox 180 659 337 745; x_wconf 85' lang='lat' dir='ltr'><strong>vivobant,</strong></span> <span class='ocrx_word' id='word_1_26' title='bbox 360 665 409 727; x_wconf 90' lang='lat' dir='ltr'><strong>set</strong></span> <span class='ocrx_word' id='word_1_27' title='bbox 431 660 528 729; x_wconf 88' lang='lat' dir='ltr'><strong>etiam</strong></span> <span class='ocrx_word' id='word_1_28' title='bbox 550 662 632 727; x_wconf 89' lang='lat' dir='ltr'><strong>inter</strong></span> <span class='ocrx_word' id='word_1_29' title='bbox 653 659 822 727; x_wconf 86' lang='lat' dir='ltr'><strong>monachos</strong></span> <span class='ocrx_word' id='word_1_30' title='bbox 837 659 1107 727; x_wconf 88' lang='lat' dir='ltr'><strong>Walciodorenses</strong></span> <span class='ocrx_word' id='word_1_31' title='bbox 1129 666 1161 729; x_wconf 90' lang='lat' dir='ltr'><strong>et</strong></span> <span class='ocrx_word' id='word_1_32' title='bbox 1175 660 1240 729; x_wconf 87' lang='lat' dir='ltr'><strong>Ha·</strong></span> 
     </span>
     <span class='ocr_line' id='line_1_5' title="bbox 62 776 1240 863; baseline 0.003 -22"><span class='ocrx_word' id='word_1_33' title='bbox 62 776 240 843; x_wconf 67' lang='lat' dir='ltr'><strong>sterium</strong></span> <span class='ocrx_word' id='word_1_34' title='bbox 267 780 359 862; x_wconf 85' lang='lat' dir='ltr'><strong>atque</strong></span> <span class='ocrx_word' id='word_1_35' title='bbox 381 776 486 863; x_wconf 87' lang='lat' dir='ltr'><strong>iprum</strong></span> <span class='ocrx_word' id='word_1_36' title='bbox 509 776 655 844; x_wconf 79' lang='lat' dir='ltr'><strong>abbatem</strong></span> <span class='ocrx_word' id='word_1_37' title='bbox 676 777 825 845; x_wconf 89' lang='lat' dir='ltr'><strong>scandala</strong></span> <span class='ocrx_word' id='word_1_38' title='bbox 845 782 878 843; x_wconf 91' lang='lat' dir='ltr'><strong>et</strong></span> <span class='ocrx_word' id='word_1_39' title='bbox 898 776 1071 843; x_wconf 80' lang='lat' dir='ltr'><strong>discordias</strong></span> <span class='ocrx_word' id='word_1_40' title='bbox 1094 782 1240 845; x_wconf 87' lang='lat' dir='ltr'><strong>accurato</strong></span> 
     </span>
     <span class='ocr_line' id='line_1_6' title="bbox 60 892 1239 980; baseline 0.002 -21"><span class='ocrx_word' id='word_1_41' title='bbox 60 892 175 959; x_wconf 86' lang='lat' dir='ltr'><strong>studio</strong></span> <span class='ocrx_word' id='word_1_42' title='bbox 196 892 358 975; x_wconf 82' lang='lat' dir='ltr'><strong>serebant3</strong></span> <span class='ocrx_word' id='word_1_43' title='bbox 379 894 427 960; x_wconf 82' lang='lat' dir='ltr'><strong>ite</strong></span> <span class='ocrx_word' id='word_1_44' title='bbox 448 899 494 979; x_wconf 89' lang='lat' dir='ltr'><strong>nt,</strong></span> <span class='ocrx_word' id='word_1_45' title='bbox 517 894 656 980; x_wconf 87' lang='lat' dir='ltr'><strong>proiecto</strong></span> <span class='ocrx_word' id='word_1_46' title='bbox 679 894 838 961; x_wconf 91' lang='lat' dir='ltr'><strong>interdum</strong></span> <span class='ocrx_word' id='word_1_47' title='bbox 860 912 950 960; x_wconf 87' lang='lat' dir='ltr'><strong>sacro</strong></span> <span class='ocrx_word' id='word_1_48' title='bbox 973 897 1005 959; x_wconf 93' lang='lat' dir='ltr'><strong>et</strong></span> <span class='ocrx_word' id='word_1_49' title='bbox 1026 893 1164 978; x_wconf 85' lang='lat' dir='ltr'><strong>regulari</strong></span> <span class='ocrx_word' id='word_1_50' title='bbox 1182 894 1239 961; x_wconf 79' lang='lat' dir='ltr'><strong>ba·</strong></span> 
     </span>
     <span class='ocr_line' id='line_1_7' title="bbox 59 1008 1240 1097; baseline 0.002 -20"><span class='ocrx_word' id='word_1_51' title='bbox 59 1008 152 1093; x_wconf 85' lang='lat' dir='ltr'><strong>bitu,</strong></span> <span class='ocrx_word' id='word_1_52' title='bbox 183 1009 279 1075; x_wconf 88' lang='lat' dir='ltr'><strong>armis</strong></span> <span class='ocrx_word' id='word_1_53' title='bbox 302 1010 449 1095; x_wconf 78' lang='lat' dir='ltr'><strong>accincti,</strong></span> <span class='ocrx_word' id='word_1_54' title='bbox 472 1010 685 1097; x_wconf 86' lang='lat' dir='ltr'><strong>possessiones</strong></span> <span class='ocrx_word' id='word_1_55' title='bbox 706 1009 976 1078; x_wconf 75' lang='lat' dir='ltr'><strong>walciodorenses</strong></span> <span class='ocrx_word' id='word_1_56' title='bbox 999 1010 1186 1083; x_wconf 80' lang='lat' dir='ltr'><strong>invaderent</strong></span> <span class='ocrx_word' id='word_1_57' title='bbox 1207 1015 1240 1079; x_wconf 86' lang='lat' dir='ltr'><strong>et</strong></span> 
     </span>
     <span class='ocr_line' id='line_1_8' title="bbox 59 1124 1240 1212; baseline 0.001 -19"><span class='ocrx_word' id='word_1_58' title='bbox 59 1126 219 1193; x_wconf 89' lang='lat' dir='ltr'><strong>terminos</strong></span> <span class='ocrx_word' id='word_1_59' title='bbox 233 1124 374 1212; x_wconf 90' lang='lat' dir='ltr'><strong>ipsorum</strong></span> <span class='ocrx_word' id='word_1_60' title='bbox 390 1125 524 1212; x_wconf 85' lang='lat' dir='ltr'><strong>absque·</strong></span> <span class='ocrx_word' id='word_1_61' title='bbox 538 1126 605 1194; x_wconf 89' lang='lat' dir='ltr'><strong>ulla</strong></span> <span class='ocrx_word' id='word_1_62' title='bbox 618 1126 696 1193; x_wconf 88' lang='lat' dir='ltr'><strong>iuris</strong></span> <span class='ocrx_word' id='word_1_63' title='bbox 712 1126 884 1194; x_wconf 83' lang='lat' dir='ltr'><strong>assertione</strong></span> <span class='ocrx_word' id='word_1_64' title='bbox 899 1124 1118 1193; x_wconf 79' lang='lat' dir='ltr'><strong>consederent</strong></span> <span class='ocrx_word' id='word_1_65' title='bbox 1149 1125 1240 1205; x_wconf 79' lang='lat' dir='ltr'><strong>Quod</strong></span> 
     </span>
     <span class='ocr_line' id='line_1_9' title="bbox 60 1240 1240 1327; baseline 0.002 -18"><span class='ocrx_word' id='word_1_66' title='bbox 60 1261 138 1309; x_wconf 85' lang='lat' dir='ltr'><strong>cnm</strong></span> <span class='ocrx_word' id='word_1_67' title='bbox 169 1241 265 1309; x_wconf 88' lang='lat' dir='ltr'><strong>abbas</strong></span> <span class='ocrx_word' id='word_1_68' title='bbox 294 1242 449 1327; x_wconf 81' lang='lat' dir='ltr'><strong>corrigere</strong></span> <span class='ocrx_word' id='word_1_69' title='bbox 484 1242 538 1309; x_wconf 91' lang='lat' dir='ltr'><strong>din</strong></span> <span class='ocrx_word' id='word_1_70' title='bbox 566 1242 795 1310; x_wconf 86' lang='lat' dir='ltr'><strong>dissimulasset</strong></span> <span class='ocrx_word' id='word_1_71' title='bbox 829 1246 862 1309; x_wconf 92' lang='lat' dir='ltr'><strong>et</strong></span> <span class='ocrx_word' id='word_1_72' title='bbox 887 1242 1023 1309; x_wconf 85' lang='lat' dir='ltr'><strong>orientia</strong></span> <span class='ocrx_word' id='word_1_73' title='bbox 1046 1240 1132 1309; x_wconf 85' lang='lat' dir='ltr'><strong>mala</strong></span> <span class='ocrx_word' id='word_1_74' title='bbox 1157 1241 1240 1311; x_wconf 81' lang='lat' dir='ltr'><strong>falce</strong></span> 
     </span>
     <span class='ocr_line' id='line_1_10' title="bbox 59 1358 1239 1445; baseline 0 -18"><span class='ocrx_word' id='word_1_75' title='bbox 59 1358 212 1427; x_wconf 85' lang='lat' dir='ltr'><strong>iusticias</strong></span> <span class='ocrx_word' id='word_1_76' title='bbox 225 1378 367 1427; x_wconf 85' lang='lat' dir='ltr'><strong>resecare</strong></span> <span class='ocrx_word' id='word_1_77' title='bbox 382 1359 565 1445; x_wconf 76' lang='grc' dir='ltr'><strong>ιιιιιιιιιίιιοι,</strong></span> <span class='ocrx_word' id='word_1_78' title='bbox 583 1358 721 1445; x_wconf 87' lang='lat' dir='ltr'><strong>tandem,</strong></span> <span class='ocrx_word' id='word_1_79' title='bbox 737 1363 845 1427; x_wconf 85' lang='lat' dir='ltr'><strong>nostro</strong></span> <span class='ocrx_word' id='word_1_80' title='bbox 860 1364 893 1427; x_wconf 90' lang='lat' dir='ltr'><strong>et</strong></span> <span class='ocrx_word' id='word_1_81' title='bbox 906 1358 1093 1425; x_wconf 90' lang='lat' dir='ltr'><strong>coabbatum</strong></span> <span class='ocrx_word' id='word_1_82' title='bbox 1108 1378 1239 1427; x_wconf 87' lang='lat' dir='ltr'><strong>suorum</strong></span> 
     </span>
     <span class='ocr_line' id='line_1_11' title="bbox 60 1474 1238 1563; baseline 0 -20"><span class='ocrx_word' id='word_1_83' title='bbox 60 1474 199 1543; x_wconf 85' lang='lat' dir='ltr'><strong>consilio</strong></span> <span class='ocrx_word' id='word_1_84' title='bbox 223 1476 428 1560; x_wconf 88' lang='lat' dir='ltr'><strong>ammonitus,</strong></span> <span class='ocrx_word' id='word_1_85' title='bbox 452 1474 628 1563; x_wconf 86' lang='lat' dir='ltr'><strong>capitulum</strong></span> <span class='ocrx_word' id='word_1_86' title='bbox 645 1476 778 1543; x_wconf 89' lang='lat' dir='ltr'><strong>intravit</strong></span> <span class='ocrx_word' id='word_1_87' title='bbox 799 1474 1052 1543; x_wconf 86' lang='lat' dir='ltr'><strong>Hasteriensinm</strong></span> <span class='ocrx_word' id='word_1_88' title='bbox 1073 1479 1115 1559; x_wconf 78' lang='lat' dir='ltr'><strong>ct,</strong></span> <span class='ocrx_word' id='word_1_89' title='bbox 1137 1474 1238 1543; x_wconf 82' lang='lat' dir='ltr'><strong>fretus</strong></span> 
     </span>
     <span class='ocr_line' id='line_1_12' title="bbox 60 1590 1237 1678; baseline -0.001 -20"><span class='ocrx_word' id='word_1_90' title='bbox 60 1592 255 1659; x_wconf 85' lang='lat' dir='ltr'><strong>anctoritate</strong></span> <span class='ocrx_word' id='word_1_91' title='bbox 289 1598 505 1659; x_wconf 87' lang='lat' dir='ltr'><strong>sacrosanctae</strong></span> <span class='ocrx_word' id='word_1_92' title='bbox 539 1591 666 1676; x_wconf 86' lang='lat' dir='ltr'><strong>regulae</strong></span> <span class='ocrx_word' id='word_1_93' title='bbox 700 1591 786 1659; x_wconf 87' lang='lat' dir='ltr'><strong>beati</strong></span> <span class='ocrx_word' id='word_1_94' title='bbox 806 1592 907 1678; x_wconf 87' lang='lat' dir='ltr'><strong>patris</strong></span> <span class='ocrx_word' id='word_1_95' title='bbox 933 1592 1036 1659; x_wconf 87' lang='lat' dir='ltr'><strong>nostri</strong></span> <span class='ocrx_word' id='word_1_96' title='bbox 1062 1590 1237 1676; x_wconf 82' lang='lat' dir='ltr'><strong>Benedicti,</strong></span> 
     </span>
     <span class='ocr_line' id='line_1_13' title="bbox 60 1707 1236 1797; baseline 0.001 -23"><span class='ocrx_word' id='word_1_97' title='bbox 60 1708 149 1775; x_wconf 88' lang='lat' dir='ltr'><strong>dixit</strong></span> <span class='ocrx_word' id='word_1_98' title='bbox 171 1708 302 1776; x_wconf 88' lang='lat' dir='ltr'><strong>honeste</strong></span> <span class='ocrx_word' id='word_1_99' title='bbox 323 1708 452 1775; x_wconf 89' lang='lat' dir='ltr'><strong>advenis</strong></span> <span class='ocrx_word' id='word_1_100' title='bbox 476 1715 508 1777; x_wconf 90' lang='lat' dir='ltr'><strong>et</strong></span> <span class='ocrx_word' id='word_1_101' title='bbox 529 1708 715 1797; x_wconf 85' lang='lat' dir='ltr'><strong>hospitibus,</strong></span> <span class='ocrx_word' id='word_1_102' title='bbox 737 1707 843 1775; x_wconf 86' lang='lat' dir='ltr'><strong>litium</strong></span> <span class='ocrx_word' id='word_1_103' title='bbox 863 1707 1114 1792; x_wconf 83' lang='lat' dir='ltr'><strong>seminatoribus,</strong></span> <span class='ocrx_word' id='word_1_104' title='bbox 1135 1711 1236 1775; x_wconf 88' lang='lat' dir='ltr'><strong>utre·</strong></span> 
     </span>
     <span class='ocr_line' id='line_1_14' title="bbox 59 1823 1237 1904; baseline -0.002 -10"><span class='ocrx_word' id='word_1_105' title='bbox 59 1825 223 1894; x_wconf 84' lang='lat' dir='ltr'><strong>cederent.</strong></span> <span class='ocrx_word' id='word_1_106' title='bbox 254 1823 342 1904; x_wconf 82' lang='lat' dir='ltr'><strong>Quod</strong></span> <span class='ocrx_word' id='word_1_107' title='bbox 363 1824 427 1891; x_wconf 87' lang='lat' dir='ltr'><strong>illis</strong></span> <span class='ocrx_word' id='word_1_108' title='bbox 448 1825 552 1893; x_wconf 83' lang='lat' dir='ltr'><strong>facere</strong></span> <span class='ocrx_word' id='word_1_109' title='bbox 573 1824 820 1892; x_wconf 88' lang='lat' dir='ltr'><strong>detrectantibus</strong></span> <span class='ocrx_word' id='word_1_110' title='bbox 842 1827 875 1891; x_wconf 89' lang='lat' dir='ltr'><strong>et</strong></span> <span class='ocrx_word' id='word_1_111' title='bbox 891 1824 1028 1890; x_wconf 72' lang='lat' dir='ltr'><strong>mnritia</strong></span> <span class='ocrx_word' id='word_1_112' title='bbox 1041 1825 1075 1891; x_wconf 91' lang='lat' dir='ltr'><strong>in</strong></span> <span class='ocrx_word' id='word_1_113' title='bbox 1091 1823 1237 1892; x_wconf 89' lang='lat' dir='ltr'><strong>abbatem</strong></span> 
     </span>
     <span class='ocr_line' id='line_1_15' title="bbox 58 1940 1236 2029; baseline -0.002 -20"><span class='ocrx_word' id='word_1_114' title='bbox 58 1940 267 2029; x_wconf 85' lang='lat' dir='ltr'><strong>impudenter</strong></span> <span class='ocrx_word' id='word_1_115' title='bbox 293 1941 495 2026; x_wconf 89' lang='lat' dir='ltr'><strong>iacientibus,</strong></span> <span class='ocrx_word' id='word_1_116' title='bbox 522 1941 664 2029; x_wconf 87' lang='lat' dir='ltr'><strong>precepit</strong></span> <span class='ocrx_word' id='word_1_117' title='bbox 690 1940 776 2026; x_wconf 87' lang='lat' dir='ltr'><strong>aliis,</strong></span> <span class='ocrx_word' id='word_1_118' title='bbox 804 1961 846 2007; x_wconf 90' lang='lat' dir='ltr'><strong>ne</strong></span> <span class='ocrx_word' id='word_1_119' title='bbox 868 1961 922 2007; x_wconf 83' lang='lat' dir='ltr'><strong>coe</strong></span> <span class='ocrx_word' id='word_1_120' title='bbox 944 1940 978 2008; x_wconf 91' lang='lat' dir='ltr'><strong>in</strong></span> <span class='ocrx_word' id='word_1_121' title='bbox 1000 1940 1157 2007; x_wconf 86' lang='lat' dir='ltr'><strong>consortio</strong></span> <span class='ocrx_word' id='word_1_122' title='bbox 1180 1959 1236 2015; x_wconf 88' lang='lat' dir='ltr'><strong>sno</strong></span> 
     </span>
     <span class='ocr_line' id='line_1_16' title="bbox 58 2055 1236 2144; baseline -0.002 -18"><span class='ocrx_word' id='word_1_123' title='bbox 58 2058 240 2127; x_wconf 87' lang='lat' dir='ltr'><strong>retinerent</strong></span> <span class='ocrx_word' id='word_1_124' title='bbox 262 2063 303 2143; x_wconf 89' lang='lat' dir='ltr'><strong>et,</strong></span> <span class='ocrx_word' id='word_1_125' title='bbox 327 2058 476 2144; x_wconf 85' lang='lat' dir='ltr'><strong>quamdiu</strong></span> <span class='ocrx_word' id='word_1_126' title='bbox 499 2058 560 2125; x_wconf 92' lang='lat' dir='ltr'><strong>duo</strong></span> <span class='ocrx_word' id='word_1_127' title='bbox 582 2057 630 2125; x_wconf 92' lang='lat' dir='ltr'><strong>illi</strong></span> <span class='ocrx_word' id='word_1_128' title='bbox 651 2057 736 2125; x_wconf 87' lang='lat' dir='ltr'><strong>intra</strong></span> <span class='ocrx_word' id='word_1_129' title='bbox 756 2056 943 2125; x_wconf 89' lang='lat' dir='ltr'><strong>monasterii</strong></span> <span class='ocrx_word' id='word_1_130' title='bbox 959 2057 1032 2125; x_wconf 91' lang='lat' dir='ltr'><strong>edes</strong></span> <span class='ocrx_word' id='word_1_131' title='bbox 1046 2055 1236 2143; x_wconf 83' lang='lat' dir='ltr'><strong>habitarent,</strong></span> 
     </span>
     <span class='ocr_line' id='line_1_17' title="bbox 59 2171 1237 2262; baseline -0.006 -16"><span class='ocrx_word' id='word_1_132' title='bbox 59 2173 103 2246; x_wconf 79' lang='lat' dir='ltr'><strong>ab</strong></span> <span class='ocrx_word' id='word_1_133' title='bbox 127 2171 241 2241; x_wconf 88' lang='lat' dir='ltr'><strong>officiis</strong></span> <span class='ocrx_word' id='word_1_134' title='bbox 264 2173 379 2243; x_wconf 81' lang='lat' dir='ltr'><strong>dirime</strong></span> <span class='ocrx_word' id='word_1_135' title='bbox 402 2194 511 2243; x_wconf 90' lang='lat' dir='ltr'><strong>omnes</strong></span> <span class='ocrx_word' id='word_1_136' title='bbox 532 2195 661 2262; x_wconf 88' lang='lat' dir='ltr'><strong>prorsus</strong></span> <span class='ocrx_word' id='word_1_137' title='bbox 685 2175 888 2242; x_wconf 89' lang='lat' dir='ltr'><strong>abstinerent</strong></span> <span class='ocrx_word' id='word_1_138' title='bbox 919 2172 1066 2241; x_wconf 75' lang='lat' dir='ltr'><strong>(letarum</strong></span> <span class='ocrx_word' id='word_1_139' title='bbox 1085 2172 1149 2260; x_wconf 89' lang='lat' dir='ltr'><strong>ipsi</strong></span> <span class='ocrx_word' id='word_1_140' title='bbox 1163 2192 1237 2239; x_wconf 93' lang='lat' dir='ltr'><strong>con·</strong></span> 
     </span>
     <span class='ocr_line' id='line_1_18' title="bbox 58 2288 1237 2379; baseline 0.001 -23"><span class='ocrx_word' id='word_1_141' title='bbox 58 2290 151 2357; x_wconf 82' lang='lat' dir='ltr'><strong>versi</strong></span> <span class='ocrx_word' id='word_1_142' title='bbox 172 2291 302 2357; x_wconf 87' lang='lat' dir='ltr'><strong>suntin</strong></span> <span class='ocrx_word' id='word_1_143' title='bbox 324 2311 431 2366; x_wconf 84' lang='lat' dir='ltr'><strong>arcum</strong></span> <span class='ocrx_word' id='word_1_144' title='bbox 453 2288 605 2379; x_wconf 81' lang='lat' dir='ltr'><strong>pravum¹</strong></span> <span class='ocrx_word' id='word_1_145' title='bbox 628 2296 659 2358; x_wconf 91' lang='lat' dir='ltr'><strong>ct</strong></span> <span class='ocrx_word' id='word_1_146' title='bbox 680 2292 714 2359; x_wconf 91' lang='lat' dir='ltr'><strong>in</strong></span> <span class='ocrx_word' id='word_1_147' title='bbox 736 2295 870 2377; x_wconf 90' lang='lat' dir='ltr'><strong>utroque</strong></span> <span class='ocrx_word' id='word_1_148' title='bbox 892 2289 1019 2357; x_wconf 88' lang='lat' dir='ltr'><strong>obedire</strong></span> <span class='ocrx_word' id='word_1_149' title='bbox 1040 2294 1237 2376; x_wconf 87' lang='lat' dir='ltr'><strong>contempse-</strong></span> 
     </span>
     <span class='ocr_line' id='line_1_19' title="bbox 58 2404 1236 2494; baseline -0.002 -19"><span class='ocrx_word' id='word_1_150' title='bbox 58 2410 150 2491; x_wconf 75' lang='lat' dir='ltr'><strong>runt,</strong></span> <span class='ocrx_word' id='word_1_151' title='bbox 173 2410 240 2475; x_wconf 88' lang='lat' dir='ltr'><strong>tam</strong></span> <span class='ocrx_word' id='word_1_152' title='bbox 261 2406 348 2492; x_wconf 91' lang='lat' dir='ltr'><strong>illos,</strong></span> <span class='ocrx_word' id='word_1_153' title='bbox 372 2408 426 2494; x_wconf 89' lang='lat' dir='ltr'><strong>qui</strong></span> <span class='ocrx_word' id='word_1_154' title='bbox 447 2408 527 2475; x_wconf 89' lang='lat' dir='ltr'><strong>inssi</strong></span> <span class='ocrx_word' id='word_1_155' title='bbox 553 2408 679 2475; x_wconf 83' lang='lat' dir='ltr'><strong>fuerant</strong></span> <span class='ocrx_word' id='word_1_156' title='bbox 702 2407 825 2492; x_wconf 81' lang='lat' dir='ltr'><strong>egredi,</strong></span> <span class='ocrx_word' id='word_1_157' title='bbox 849 2406 1031 2490; x_wconf 91' lang='lat' dir='ltr'><strong>detinendo,</strong></span> <span class='ocrx_word' id='word_1_158' title='bbox 1055 2425 1149 2491; x_wconf 91' lang='lat' dir='ltr'><strong>quam</strong></span> <span class='ocrx_word' id='word_1_159' title='bbox 1170 2404 1236 2473; x_wconf 91' lang='lat' dir='ltr'><strong>illis</strong></span> 
     </span>
     <span class='ocr_line' id='line_1_20' title="bbox 58 2520 1236 2610; baseline -0.002 -21"><span class='ocrx_word' id='word_1_160' title='bbox 58 2522 264 2610; x_wconf 87' lang='lat' dir='ltr'><strong>presentibus</strong></span> <span class='ocrx_word' id='word_1_161' title='bbox 287 2528 412 2591; x_wconf 89' lang='lat' dir='ltr'><strong>etcum</strong></span> <span class='ocrx_word' id='word_1_162' title='bbox 434 2524 498 2591; x_wconf 91' lang='lat' dir='ltr'><strong>illis</strong></span> <span class='ocrx_word' id='word_1_163' title='bbox 521 2523 629 2591; x_wconf 88' lang='lat' dir='ltr'><strong>divina</strong></span> <span class='ocrx_word' id='word_1_164' title='bbox 650 2522 754 2591; x_wconf 87' lang='lat' dir='ltr'><strong>officia</strong></span> <span class='ocrx_word' id='word_1_165' title='bbox 775 2528 894 2590; x_wconf 89' lang='lat' dir='ltr'><strong>temere</strong></span> <span class='ocrx_word' id='word_1_166' title='bbox 917 2522 1100 2606; x_wconf 82' lang='lat' dir='ltr'><strong>exercendo.</strong></span> <span class='ocrx_word' id='word_1_167' title='bbox 1139 2520 1236 2607; x_wconf 84' lang='lat' dir='ltr'><strong>Quae,</strong></span> 
     </span>
     <span class='ocr_line' id='line_1_21' title="bbox 58 2638 1237 2726; baseline 0 -19"><span class='ocrx_word' id='word_1_168' title='bbox 58 2644 101 2707; x_wconf 90' lang='lat' dir='ltr'><strong>nt</strong></span> <span class='ocrx_word' id='word_1_169' title='bbox 128 2658 226 2726; x_wconf 86' lang='lat' dir='ltr'><strong>snpra</strong></span> <span class='ocrx_word' id='word_1_170' title='bbox 253 2639 406 2725; x_wconf 89' lang='lat' dir='ltr'><strong>diximus,</strong></span> <span class='ocrx_word' id='word_1_171' title='bbox 434 2638 574 2707; x_wconf 87' lang='lat' dir='ltr'><strong>violenta</strong></span> <span class='ocrx_word' id='word_1_172' title='bbox 598 2660 660 2707; x_wconf 93' lang='lat' dir='ltr'><strong>non</strong></span> <span class='ocrx_word' id='word_1_173' title='bbox 683 2640 751 2707; x_wconf 88' lang='lat' dir='ltr'><strong>sinc</strong></span> <span class='ocrx_word' id='word_1_174' title='bbox 773 2638 873 2706; x_wconf 88' lang='lat' dir='ltr'><strong>divini</strong></span> <span class='ocrx_word' id='word_1_175' title='bbox 894 2638 1032 2705; x_wconf 90' lang='lat' dir='ltr'><strong>nominis</strong></span> <span class='ocrx_word' id='word_1_176' title='bbox 1055 2642 1237 2725; x_wconf 85' lang='lat' dir='ltr'><strong>contemptu</strong></span> 
     </span>
    </p>
   </div>
   <div class='ocr_carea' id='block_1_3' title="bbox 57 2753 1237 3425">
    <p class='ocr_par' dir='ltr' id='par_1_3' title="bbox 57 2753 1237 3425">
     <span class='ocr_line' id='line_1_22' title="bbox 57 2753 1236 2843; baseline -0.002 -20"><span class='ocrx_word' id='word_1_177' title='bbox 57 2756 261 2843; x_wconf 86' lang='lat' dir='ltr'><strong>presumptio</strong></span> <span class='ocrx_word' id='word_1_178' title='bbox 284 2756 324 2823; x_wconf 93' lang='lat' dir='ltr'><strong>ad</strong></span> <span class='ocrx_word' id='word_1_179' title='bbox 339 2756 545 2825; x_wconf 89' lang='lat' dir='ltr'><strong>Leodiensem</strong></span> <span class='ocrx_word' id='word_1_180' title='bbox 568 2754 730 2823; x_wconf 83' lang='lat' dir='ltr'><strong>ecelesiam</strong></span> <span class='ocrx_word' id='word_1_181' title='bbox 753 2753 876 2841; x_wconf 84' lang='lat' dir='ltr'><strong>perlata</strong></span> <span class='ocrx_word' id='word_1_182' title='bbox 897 2758 1000 2821; x_wconf 91' lang='lat' dir='ltr'><strong>estet</strong></span> <span class='ocrx_word' id='word_1_183' title='bbox 1022 2754 1170 2820; x_wconf 88' lang='lat' dir='ltr'><strong>canonico</strong></span> <span class='ocrx_word' id='word_1_184' title='bbox 1186 2753 1236 2821; x_wconf 90' lang='lat' dir='ltr'><strong>iu·.</strong></span> 
     </span>
     <span class='ocr_line' id='line_1_23' title="bbox 59 2870 1236 2959; baseline -0.004 -18"><span class='ocrx_word' id='word_1_185' title='bbox 59 2872 148 2941; x_wconf 91' lang='lat' dir='ltr'><strong>dicio</strong></span> <span class='ocrx_word' id='word_1_186' title='bbox 176 2871 281 2941; x_wconf 89' lang='lat' dir='ltr'><strong>debita</strong></span> <span class='ocrx_word' id='word_1_187' title='bbox 310 2872 580 2942; x_wconf 86' lang='lat' dir='ltr'><strong>animadversione</strong></span> <span class='ocrx_word' id='word_1_188' title='bbox 608 2876 657 2939; x_wconf 89' lang='lat' dir='ltr'><strong>est</strong></span> <span class='ocrx_word' id='word_1_189' title='bbox 682 2871 804 2959; x_wconf 86' lang='lat' dir='ltr'><strong>punita</strong></span> <span class='ocrx_word' id='word_1_190' title='bbox 893 2870 985 2938; x_wconf 87' lang='lat' dir='ltr'><strong>Hanc</strong></span> <span class='ocrx_word' id='word_1_191' title='bbox 1011 2890 1138 2937; x_wconf 88' lang='lat' dir='ltr'><strong>cansam</strong></span> <span class='ocrx_word' id='word_1_192' title='bbox 1163 2888 1236 2937; x_wconf 86' lang='lat' dir='ltr'><strong>cunr</strong></span> 
     </span>
     <span class='ocr_line' id='line_1_24' title="bbox 59 2986 1237 3078; baseline 0 -23"><span class='ocrx_word' id='word_1_193' title='bbox 59 2986 269 3069; x_wconf 80' lang='lat' dir='ltr'><strong>excellentiae</strong></span> <span class='ocrx_word' id='word_1_194' title='bbox 291 2994 414 3057; x_wconf 87' lang='lat' dir='ltr'><strong>vestrae</strong></span> <span class='ocrx_word' id='word_1_195' title='bbox 442 3010 500 3078; x_wconf 91' lang='lat' dir='ltr'><strong>per</strong></span> <span class='ocrx_word' id='word_1_196' title='bbox 525 2988 648 3057; x_wconf 88' lang='lat' dir='ltr'><strong>litteras</strong></span> <span class='ocrx_word' id='word_1_197' title='bbox 677 2992 709 3055; x_wconf 90' lang='lat' dir='ltr'><strong>et</strong></span> <span class='ocrx_word' id='word_1_198' title='bbox 730 2989 880 3055; x_wconf 89' lang='lat' dir='ltr'><strong>nuncium</strong></span> <span class='ocrx_word' id='word_1_199' title='bbox 901 2987 1181 3055; x_wconf 81' lang='lat' dir='ltr'><strong>insinuavissemus</strong></span> <span class='ocrx_word' id='word_1_200' title='bbox 1204 2991 1237 3055; x_wconf 90' lang='lat' dir='ltr'><strong>et</strong></span> 
     </span>
     <span class='ocr_line' id='line_1_25' title="bbox 59 3102 1237 3193; baseline 0 -22"><span class='ocrx_word' id='word_1_201' title='bbox 59 3104 224 3192; x_wconf 87' lang='lat' dir='ltr'><strong>supplices</strong></span> <span class='ocrx_word' id='word_1_202' title='bbox 246 3124 355 3192; x_wconf 88' lang='lat' dir='ltr'><strong>preces</strong></span> <span class='ocrx_word' id='word_1_203' title='bbox 369 3126 428 3193; x_wconf 90' lang='lat' dir='ltr'><strong>pro</strong></span> <span class='ocrx_word' id='word_1_204' title='bbox 443 3110 528 3173; x_wconf 90' lang='lat' dir='ltr'><strong>statu</strong></span> <span class='ocrx_word' id='word_1_205' title='bbox 542 3106 653 3175; x_wconf 87' lang='lat' dir='ltr'><strong>matris</strong></span> <span class='ocrx_word' id='word_1_206' title='bbox 667 3110 795 3173; x_wconf 73' lang='lat' dir='ltr'><strong>nocuae</strong></span> <span class='ocrx_word' id='word_1_207' title='bbox 808 3104 1072 3173; x_wconf 79' lang='lat' dir='ltr'><strong>walciodorensis</strong></span> <span class='ocrx_word' id='word_1_208' title='bbox 1087 3102 1237 3171; x_wconf 89' lang='lat' dir='ltr'><strong>eeclesiae</strong></span> 
     </span>
     <span class='ocr_line' id='line_1_26' title="bbox 58 3221 1236 3310; baseline 0 -23"><span class='ocrx_word' id='word_1_209' title='bbox 58 3226 189 3289; x_wconf 83' lang='lat' dir='ltr'><strong>restrae</strong></span> <span class='ocrx_word' id='word_1_210' title='bbox 210 3222 421 3307; x_wconf 76' lang='lat' dir='ltr'><strong>magnitudini</strong></span> <span class='ocrx_word' id='word_1_211' title='bbox 444 3222 672 3309; x_wconf 87' lang='lat' dir='ltr'><strong>effudissemus,</strong></span> <span class='ocrx_word' id='word_1_212' title='bbox 694 3222 816 3310; x_wconf 88' lang='lat' dir='ltr'><strong>placuit</strong></span> <span class='ocrx_word' id='word_1_213' title='bbox 837 3221 1017 3289; x_wconf 90' lang='lat' dir='ltr'><strong>celsitudini</strong></span> <span class='ocrx_word' id='word_1_214' title='bbox 1033 3226 1157 3288; x_wconf 79' lang='lat' dir='ltr'><strong>restrae</strong></span> <span class='ocrx_word' id='word_1_215' title='bbox 1179 3240 1236 3287; x_wconf 93' lang='lat' dir='ltr'><strong>no-</strong></span> 
     </span>
     <span class='ocr_line' id='line_1_27' title="bbox 58 3335 1237 3425; baseline 0 -20"><span class='ocrx_word' id='word_1_216' title='bbox 58 3344 150 3405; x_wconf 84' lang='lat' dir='ltr'><strong>strae</strong></span> <span class='ocrx_word' id='word_1_217' title='bbox 178 3338 329 3424; x_wconf 81' lang='lat' dir='ltr'><strong>parvitati</strong></span> <span class='ocrx_word' id='word_1_218' title='bbox 355 3340 544 3425; x_wconf 89' lang='lat' dir='ltr'><strong>rescribere,</strong></span> <span class='ocrx_word' id='word_1_219' title='bbox 573 3345 609 3406; x_wconf 89' lang='lat' dir='ltr'><strong>ut</strong></span> <span class='ocrx_word' id='word_1_220' title='bbox 636 3339 806 3409; x_wconf 87' lang='lat' dir='ltr'><strong>monachos</strong></span> <span class='ocrx_word' id='word_1_221' title='bbox 834 3338 1052 3407; x_wconf 86' lang='lat' dir='ltr'><strong>Hasterienses</strong></span> <span class='ocrx_word' id='word_1_222' title='bbox 1074 3335 1237 3405; x_wconf 87' lang='lat' dir='ltr'><strong>voluntate</strong></span> 
     </span>
    </p>
   </div>
   <div class='ocr_carea' id='block_1_4' title="bbox 57 3452 1237 4242">
    <p class='ocr_par' dir='ltr' id='par_1_4' title="bbox 57 3452 1237 4242">
     <span class='ocr_line' id='line_1_28' title="bbox 59 3452 1236 3543; baseline 0 -23"><span class='ocrx_word' id='word_1_223' title='bbox 59 3474 101 3521; x_wconf 91' lang='lat' dir='ltr'><strong>ac</strong></span> <span class='ocrx_word' id='word_1_224' title='bbox 114 3453 185 3521; x_wconf 87' lang='lat' dir='ltr'><strong>vice</strong></span> <span class='ocrx_word' id='word_1_225' title='bbox 199 3458 305 3521; x_wconf 87' lang='lat' dir='ltr'><strong>vestra</strong></span> <span class='ocrx_word' id='word_1_226' title='bbox 325 3454 592 3543; x_wconf 87' lang='lat' dir='ltr'><strong>compelleremus,</strong></span> <span class='ocrx_word' id='word_1_227' title='bbox 615 3456 754 3525; x_wconf 86' lang='lat' dir='ltr'><strong>debitam</strong></span> <span class='ocrx_word' id='word_1_228' title='bbox 765 3453 975 3523; x_wconf 83' lang='lat' dir='ltr'><strong>reverentiam</strong></span> <span class='ocrx_word' id='word_1_229' title='bbox 989 3452 1236 3521; x_wconf 80' lang='lat' dir='ltr'><strong>walciodorensi</strong></span> 
     </span>
     <span class='ocr_line' id='line_1_29' title="bbox 58 3568 1237 3658; baseline -0.003 -19"><span class='ocrx_word' id='word_1_230' title='bbox 58 3569 194 3639; x_wconf 88' lang='lat' dir='ltr'><strong>cenobio</strong></span> <span class='ocrx_word' id='word_1_231' title='bbox 217 3575 250 3637; x_wconf 86' lang='lat' dir='ltr'><strong>st</strong></span> <span class='ocrx_word' id='word_1_232' title='bbox 271 3571 378 3640; x_wconf 91' lang='lat' dir='ltr'><strong>abbati</strong></span> <span class='ocrx_word' id='word_1_233' title='bbox 400 3593 456 3639; x_wconf 88' lang='lat' dir='ltr'><strong>suo</strong></span> <span class='ocrx_word' id='word_1_234' title='bbox 478 3568 653 3639; x_wconf 59' lang='lat' dir='ltr'><strong>exhiberet</strong></span> <span class='ocrx_word' id='word_1_235' title='bbox 740 3572 887 3639; x_wconf 85' lang='lat' dir='ltr'><strong>Ceterum</strong></span> <span class='ocrx_word' id='word_1_236' title='bbox 908 3590 977 3654; x_wconf 94' lang='lat' dir='ltr'><strong>nos,</strong></span> <span class='ocrx_word' id='word_1_237' title='bbox 1001 3571 1056 3657; x_wconf 88' lang='lat' dir='ltr'><strong>qni</strong></span> <span class='ocrx_word' id='word_1_238' title='bbox 1077 3570 1183 3658; x_wconf 87' lang='lat' dir='ltr'><strong>parati</strong></span> <span class='ocrx_word' id='word_1_239' title='bbox 1204 3575 1237 3639; x_wconf 90' lang='lat' dir='ltr'><strong>et</strong></span> 
     </span>
     <span class='ocr_line' id='line_1_30' title="bbox 59 3685 1236 3774; baseline -0.002 -20"><span class='ocrx_word' id='word_1_240' title='bbox 59 3687 197 3755; x_wconf 86' lang='lat' dir='ltr'><strong>accincti</strong></span> <span class='ocrx_word' id='word_1_241' title='bbox 225 3706 331 3755; x_wconf 89' lang='lat' dir='ltr'><strong>sumus</strong></span> <span class='ocrx_word' id='word_1_242' title='bbox 360 3688 394 3755; x_wconf 88' lang='lat' dir='ltr'><strong>in</strong></span> <span class='ocrx_word' id='word_1_243' title='bbox 422 3687 579 3774; x_wconf 88' lang='lat' dir='ltr'><strong>legatione</strong></span> <span class='ocrx_word' id='word_1_244' title='bbox 602 3686 719 3753; x_wconf 92' lang='lat' dir='ltr'><strong>domini</strong></span> <span class='ocrx_word' id='word_1_245' title='bbox 742 3688 845 3755; x_wconf 90' lang='lat' dir='ltr'><strong>nostri</strong></span> <span class='ocrx_word' id='word_1_246' title='bbox 864 3687 948 3771; x_wconf 89' lang='lat' dir='ltr'><strong>regis</strong></span> <span class='ocrx_word' id='word_1_247' title='bbox 970 3685 1142 3774; x_wconf 86' lang='lat' dir='ltr'><strong>proficisci,</strong></span> <span class='ocrx_word' id='word_1_248' title='bbox 1168 3691 1236 3753; x_wconf 90' lang='lat' dir='ltr'><strong>tam</strong></span> 
     </span>
     <span class='ocr_line' id='line_1_31' title="bbox 57 3802 1235 3891; baseline -0.003 -20"><span class='ocrx_word' id='word_1_249' title='bbox 57 3803 205 3871; x_wconf 84' lang='lat' dir='ltr'><strong>molestis</strong></span> <span class='ocrx_word' id='word_1_250' title='bbox 228 3804 362 3889; x_wconf 89' lang='lat' dir='ltr'><strong>negotiis</strong></span> <span class='ocrx_word' id='word_1_251' title='bbox 383 3824 580 3891; x_wconf 88' lang='lat' dir='ltr'><strong>nequaqnam</strong></span> <span class='ocrx_word' id='word_1_252' title='bbox 605 3802 762 3891; x_wconf 87' lang='lat' dir='ltr'><strong>implicari</strong></span> <span class='ocrx_word' id='word_1_253' title='bbox 783 3802 952 3891; x_wconf 89' lang='lat' dir='ltr'><strong>potuimus.</strong></span> <span class='ocrx_word' id='word_1_254' title='bbox 988 3803 1044 3871; x_wconf 90' lang='lat' dir='ltr'><strong>Set</strong></span> <span class='ocrx_word' id='word_1_255' title='bbox 1064 3803 1149 3870; x_wconf 91' lang='lat' dir='ltr'><strong>idem</strong></span> <span class='ocrx_word' id='word_1_256' title='bbox 1170 3802 1235 3868; x_wconf 90' lang='lat' dir='ltr'><strong>Ha·</strong></span> 
     </span>
     <span class='ocr_line' id='line_1_32' title="bbox 58 3914 1235 4008; baseline -0.006 -17"><span class='ocrx_word' id='word_1_257' title='bbox 58 3921 232 3991; x_wconf 82' lang='lat' dir='ltr'><strong>storiensee</strong></span> <span class='ocrx_word' id='word_1_258' title='bbox 255 3919 366 3988; x_wconf 87' lang='lat' dir='ltr'><strong>advos</strong></span> <span class='ocrx_word' id='word_1_259' title='bbox 387 3922 521 4008; x_wconf 82' lang='lat' dir='ltr'><strong>proiecti</strong></span> <span class='ocrx_word' id='word_1_260' title='bbox 543 3914 682 3987; x_wconf 82' lang='lat' dir='ltr'><strong>litterae⁸</strong></span> <span class='ocrx_word' id='word_1_261' title='bbox 705 3918 746 3987; x_wconf 91' lang='lat' dir='ltr'><strong>ad</strong></span> <span class='ocrx_word' id='word_1_262' title='bbox 768 3919 914 3987; x_wconf 88' lang='lat' dir='ltr'><strong>abbatem</strong></span> <span class='ocrx_word' id='word_1_263' title='bbox 937 3940 1029 3987; x_wconf 88' lang='lat' dir='ltr'><strong>suum</strong></span> <span class='ocrx_word' id='word_1_264' title='bbox 1050 3918 1235 4003; x_wconf 87' lang='lat' dir='ltr'><strong>retulerunt,</strong></span> 
     </span>
     <span class='ocr_line' id='line_1_33' title="bbox 58 4034 1236 4122; baseline -0.003 -19"><span class='ocrx_word' id='word_1_265' title='bbox 58 4043 168 4106; x_wconf 82' lang='lat' dir='ltr'><strong>restro</strong></span> <span class='ocrx_word' id='word_1_266' title='bbox 191 4037 318 4104; x_wconf 90' lang='lat' dir='ltr'><strong>nomine</strong></span> <span class='ocrx_word' id='word_1_267' title='bbox 339 4036 482 4104; x_wconf 88' lang='lat' dir='ltr'><strong>titulatas</strong></span> <span class='ocrx_word' id='word_1_268' title='bbox 506 4042 538 4104; x_wconf 91' lang='lat' dir='ltr'><strong>ct</strong></span> <span class='ocrx_word' id='word_1_269' title='bbox 560 4036 662 4122; x_wconf 86' lang='lat' dir='ltr'><strong>sigillo</strong></span> <span class='ocrx_word' id='word_1_270' title='bbox 679 4040 785 4104; x_wconf 85' lang='lat' dir='ltr'><strong>restro</strong></span> <span class='ocrx_word' id='word_1_271' title='bbox 808 4036 959 4121; x_wconf 87' lang='lat' dir='ltr'><strong>signatas,</strong></span> <span class='ocrx_word' id='word_1_272' title='bbox 982 4034 1078 4122; x_wconf 63' lang='lat' dir='ltr'><strong>quas*</strong></span> <span class='ocrx_word' id='word_1_273' title='bbox 1102 4034 1141 4101; x_wconf 90' lang='lat' dir='ltr'><strong>ab</strong></span> <span class='ocrx_word' id='word_1_274' title='bbox 1164 4055 1236 4100; x_wconf 89' lang='lat' dir='ltr'><strong>ern-</strong></span> 
     </span>
     <span class='ocr_line' id='line_1_34' title="bbox 59 4150 1234 4242; baseline -0.004 -21"><span class='ocrx_word' id='word_1_275' title='bbox 59 4154 183 4221; x_wconf 87' lang='lat' dir='ltr'><strong>ditiono</strong></span> <span class='ocrx_word' id='word_1_276' title='bbox 197 4157 304 4219; x_wconf 82' lang='lat' dir='ltr'><strong>restra</strong></span> <span class='ocrx_word' id='word_1_277' title='bbox 326 4154 518 4242; x_wconf 85' lang='lat' dir='ltr'><strong>conscriptas</strong></span> <span class='ocrx_word' id='word_1_278' title='bbox 541 4158 573 4221; x_wconf 91' lang='lat' dir='ltr'><strong>et</strong></span> <span class='ocrx_word' id='word_1_279' title='bbox 594 4152 684 4220; x_wconf 88' lang='lat' dir='ltr'><strong>datas</strong></span> <span class='ocrx_word' id='word_1_280' title='bbox 706 4174 904 4240; x_wconf 88' lang='lat' dir='ltr'><strong>nequaquam</strong></span> <span class='ocrx_word' id='word_1_281' title='bbox 927 4152 1056 4220; x_wconf 73' lang='lat' dir='ltr'><strong>medere</strong></span> <span class='ocrx_word' id='word_1_282' title='bbox 1073 4150 1234 4239; x_wconf 88' lang='lat' dir='ltr'><strong>potuimus</strong></span> 
     </span>
    </p>
   </div>
   <div class='ocr_carea' id='block_1_5' title="bbox 133 4314 1234 4475">
    <p class='ocr_par' dir='ltr' id='par_1_5' title="bbox 133 4314 1234 4475">
     <span class='ocr_line' id='line_1_35' title="bbox 134 4314 587 4396; baseline 0 -35"><span class='ocrx_word' id='word_1_283' title='bbox 134 4316 282 4374; x_wconf 75' lang='lat' dir='ltr'><strong>aatqrea</strong></span> <span class='ocrx_word' id='word_1_284' title='bbox 343 4314 490 4377; x_wconf 79' lang='lat' dir='ltr'><strong>bquamc.</strong></span> <span class='ocrx_word' id='word_1_285' title='bbox 582 4372 587 4396; x_wconf 34' lang='grc' dir='ltr'>ι</span> 
     </span>
     <span class='ocr_line' id='line_1_36' title="bbox 133 4398 1234 4475; baseline -0.004 -16"><span class='ocrx_word' id='word_1_286' title='bbox 133 4402 160 4459; x_wconf 91' lang='lat'><strong>1.</strong></span> <span class='ocrx_word' id='word_1_287' title='bbox 178 4400 225 4456; x_wconf 86' lang='lat' dir='ltr'><strong>Ps.</strong></span> <span class='ocrx_word' id='word_1_288' title='bbox 238 4401 281 4471; x_wconf 78' lang='lat' dir='ltr'><strong>ll,</strong></span> <span class='ocrx_word' id='word_1_289' title='bbox 294 4400 336 4455; x_wconf 80' lang='lat' dir='ltr'><strong>bl.</strong></span> <span class='ocrx_word' id='word_1_290' title='bbox 402 4402 428 4455; x_wconf 80' lang='lat'><strong>2.</strong></span> <span class='ocrx_word' id='word_1_291' title='bbox 447 4400 481 4455; x_wconf 87' lang='lat' dir='ltr'><strong>V.</strong></span> <span class='ocrx_word' id='word_1_292' title='bbox 494 4415 538 4471; x_wconf 90' lang='lat' dir='ltr'><strong>ep.</strong></span> <span class='ocrx_word' id='word_1_293' title='bbox 551 4400 603 4459; x_wconf 75' lang='lat'><strong>291</strong></span> <span class='ocrx_word' id='word_1_294' title='bbox 616 4415 700 4471; x_wconf 86' lang='lat' dir='ltr'><strong>supra</strong></span> <span class='ocrx_word' id='word_1_295' title='bbox 710 4416 737 4470; x_wconf 85' lang='lat' dir='ltr'><strong>p.</strong></span> <span class='ocrx_word' id='word_1_296' title='bbox 748 4400 810 4461; x_wconf 77' lang='lat'><strong>418.</strong></span> <span class='ocrx_word' id='word_1_297' title='bbox 873 4401 901 4459; x_wconf 84' lang='lat'><strong>3.</strong></span> <span class='ocrx_word' id='word_1_298' title='bbox 920 4413 963 4471; x_wconf 83' lang='lat' dir='ltr'><strong>cp.</strong></span> <span class='ocrx_word' id='word_1_299' title='bbox 973 4398 1028 4465; x_wconf 76' lang='grc'><strong>293</strong></span> <span class='ocrx_word' id='word_1_300' title='bbox 1038 4412 1122 4471; x_wconf 85' lang='lat' dir='ltr'><strong>snpra</strong></span> <span class='ocrx_word' id='word_1_301' title='bbox 1132 4414 1162 4475; x_wconf 88' lang='lat' dir='ltr'><strong>p.</strong></span> <span class='ocrx_word' id='word_1_302' title='bbox 1170 4398 1234 4465; x_wconf 76' lang='lat'><strong>419,</strong></span> 
     </span>
    </p>
   </div>
   <div class='ocr_carea' id='block_1_6' title="bbox 0 0 1564 4859">
    <p class='ocr_par' dir='ltr' id='par_1_6' title="bbox 0 0 1564 4859">
     <span class='ocr_line' id='line_1_37' title="bbox 0 0 1564 4859; baseline 0 1"><span class='ocrx_word' id='word_1_303' title='bbox 0 0 1564 4859; x_wconf 95' lang='lat' dir='ltr'><strong> </strong></span> 
     </span>
    </p>
   </div>
  </div>
 </body>
</html>
