3117 4859
378 283 528 332 wmsnnr
548 281 737 334 mmmm
755 281 881 332 oasa.
1149 264 1217 334 bib

27 419 134 492 462.
155 422 320 492 Hebsirrsr
341 426 410 492 Leo
431 425 595 495 Μανίου
616 428 637 493 Ι
658 429 843 515 ὑφεναιονί
867 427 1025 517 &perflent
1056 426 1095 492 do
1115 425 1217 492 itide-

153 540 248 606 diedo
271 541 518 630 deSadeubarp
538 546 573 610 in
596 545 738 610 Mam
760 546 854 610 emo
877 541 1218 609 edemolims·

155 658 229 744 berp
250 659 309 724 sos
330 662 477 725 restituto.
1054 653 1111 737 (bi.
1126 654 1218 738 425.)

133 776 307 857 Litterae
329 790 512 858 Heinriei
534 791 642 859 dreis
664 789 872 860 Bawariae
893 795 932 860 et
953 789 1151 858 Senoniae
1172 787 1219 856 ad
1236 792 1291 876 116Ι
1376 873 1383 884 Ι

30 905 316 991 inperatorem
338 905 612 974 Fritberieum.
1246 864 1300 912 Μ’

134 1019 304 1090 Serenitati
325 1028 449 1090 restrae
471 1023 628 1108 signidem
652 1024 737 1109 quod
759 1021 921 1090 widikino
942 1022 983 1089 de
1004 1019 1219 1090 Suaienbereb

31 1137 195 1204 ioreiaota
217 1135 292 1205 sua¹
312 1139 492 1207 remisimus
515 1140 574 1207 sub
591 1140 651 1206 hae
664 1139 850 1227 penitentia,
872 1137 1004 1206 eonsitio
1019 1143 1053 1206 et
1064 1139 1220 1226 petitione

34 1253 153 1320 domni
174 1253 456 1324 Patberbumensis
482 1251 640 1344 episeopi'
662 1261 695 1324 et
715 1257 826 1323 fratris
848 1256 897 1322 sui
919 1253 1054 1322 Folwiui
1074 1273 1134 1322 nee
1155 1274 1220 1321 non

36 1371 179 1438 aliorum
202 1373 375 1439 amieorum
397 1393 536 1457 suerum,
559 1372 594 1439 in
616 1372 743 1460 plaeito,
767 1371 852 1458 qnod
866 1370 1019 1439 Gorbeiae
1032 1371 1068 1437 in
1080 1371 1220 1456 rogatio-
1234 1379 1312 1429 w

37 1483 139 1554 nibus
165 1483 293 1556 babui⁸:
322 1487 456 1556 Omnem
483 1487 689 1556 Teutonieam
710 1493 845 1573 terram,
873 1508 970 1574 quam
997 1487 1089 1554 nobis
1113 1485 1221 1554 Renes

39 1603 169 1688 dividit,
192 1604 373 1687 foriurarit3
398 1605 438 1672 ad
460 1603 577 1672 festum
600 1605 702 1672 saneti
724 1602 846 1672 laoobi⁴
864 1603 1066 1688 transiturus,
1087 1621 1220 1670 neeun·

40 1739 142 1806 quam
161 1721 223 1786 uisi
246 1741 319 1788 maa
332 1721 497 1788 mentione
518 1741 718 1804 reversums3
741 1721 832 1808 prius
853 1726 960 1787 autern
980 1721 1096 1786 domno
1113 1719 1221 1787 abbati

40 1835 228 1904 Gorbeieusi
250 1857 309 1904 nee
329 1857 394 1904 non
416 1837 529 1904 viduae
552 1843 585 1904 et
604 1835 736 1924 pupillis
758 1836 944 1904 Theoderici
965 1835 1100 1920 comitis,
1127 1855 1222 1921 quem

41 1951 177 2036 oeeidit,
205 1954 378 2020 seeundum
405 1952 571 2021 eonsilium
601 1958 635 2020 et
659 1959 844 2040 preceptum
865 1972 972 2020 meum
994 1951 1169 2020 safisndet
1189 1955 1223 2018 et

41 2069 193 2157 placabit
259 2068 406 2137 Gaabum
428 2089 534 2136 meum
554 2069 768 2154 Desenbereb,
791 2073 914 2136 remota
935 2069 1022 2135 omni
1041 2069 1222 2136 venditione
1370 2065 1373 2073 '

41 2185 97 2254 rel
110 2185 207 2254 uerbo
229 2188 360 2270 gratiae,
382 2185 504 2273 reeepi;
528 2187 634 2272 sieque
653 2185 692 2271 is,
716 2185 771 2272 qui
783 2185 873 2272 prius
888 2184 1042 2254 benetieia
1053 2205 1113 2252 sua
1125 2185 1222 2254 bene·

41 2301 141 2372 tioiab
162 2303 231 2370 iure
254 2323 274 2370 a
294 2323 346 2369 me
367 2301 516 2388 perdidit,
539 2302 599 2369 hoe
621 2321 744 2389 quoque
767 2300 899 2368 dimisit

44 2515 138 2588 468.
156 2518 315 2586 Witaldoe
329 2519 507 2584 Adriooom
521 2517 698 2604 Wpopom
721 2517 760 2582 de
776 2515 915 2582 Gerorda'
934 2513 1084 2582 aedom
1104 2526 1135 2580 et
1149 2513 1222 2582 Gn·

158 2635 265 2702 leberti
286 2635 493 2699 controuersia
514 2635 548 2698 irs
561 2633 679 2722 mnodo
695 2632 863 2700 Leodinrss'
877 2632 1049 2719 disceptato
1062 2633 1223 2698 morcon

152 2751 244 2839 seit·
1059 2744 1116 2828 (tt
1130 2743 1222 2828 ese.)
1302 2812 1308 2822 .

135 2881 317 2950 Reverendo
340 2881 375 2947 in
390 2879 515 2948 Christo
537 2881 623 2969 patri
645 2900 702 2947 suo
725 2885 758 2947 et
779 2880 908 2947 domino
921 2878 1090 2962 A(driano)
1110 2879 1169 2946 uni
1190 2883 1224 2947 ot
1241 2886 1310 2942 1157

21 2999 219 3068 universali
246 3017 350 3085 papae
375 2997 474 3065 irater
495 2997 685 3080 Wtibaldus)
707 2995 768 3064 Dei
796 2996 900 3081 gratia
926 2995 976 3081 id,
1004 2995 1090 3081 quod
1115 3001 1166 3063 est
1187 2996 1223 3062 in

47 3113 201 3184 aeceleda
222 3113 385 3198 eatboliea
408 3112 538 3182 iliadem
559 3115 594 3182 iu
614 3113 740 3182 Christo
762 3112 963 3180 dileetionam
985 3116 1018 3179 et
1038 3117 1223 3201 promptum

45 3251 107 3320 per
128 3232 236 3299 omnia
256 3230 431 3298 devotionis
454 3231 650 3317 obsequium.

138 3347 218 3415 Cum
241 3366 380 3414 essemus
402 3347 436 3414 in
459 3348 579 3434 synodo
595 3347 703 3414 domni
717 3344 902 3414 Leodiensis
916 3341 1085 3432 episeopi⁸,
1107 3343 1223 3412 Gerar·

48 3464 109 3532 dus
130 3464 259 3550 quidam
281 3463 411 3531 seolaris
434 3466 623 3549 conquestus
646 3468 705 3546 est,
729 3462 814 3549 quod
830 3461 959 3548 quidam
973 3459 1169 3529 Gislebertns
1182 3460 1224 3528 de

48 3579 211 3648 Aiunkurt
237 3579 430 3666 prebendam
458 3599 549 3647 suam
576 3577 638 3645 sibi
661 3577 815 3663 auferret,
842 3599 938 3665 quam
960 3578 991 3646 ei
1013 3577 1143 3644 dederat
1163 3575 1223 3642 sub

48 3697 222 3764 multorum
247 3697 428 3764 testimonio
457 3696 590 3763 domnus
612 3679 771 3762 walterus
796 3695 894 3762 abbas
915 3693 1101 3762 monasterii
1121 3692 1224 3758 saneti

48 3811 222 3898 Laurentii,
245 3813 300 3900 qui
322 3833 407 3880 nune
426 3813 527 3880 eidem
543 3810 734 3879 monasterio
748 3810 936 3895 regulariter
950 3813 1067 3898 preest,
1089 3807 1223 3896 preben-

51 3929 124 3996 dam
139 3930 286 3997 videlieet
307 3933 482 4011 vacantem,
506 3947 586 4013 qnae
607 3927 669 3995 fuit
690 3946 793 4013 nuper
812 3927 952 3994 deinneti
966 3925 1124 4011 quondam
1138 3922 1223 3990 itue-

49 4046 132 4114 berti
159 4045 279 4128 oleriei3
311 4051 342 4114 et
369 4043 452 4130 quod
475 4043 495 4110 b
515 4043 657 4129 predicto
680 4042 793 4109 abbate
815 4061 873 4127 per
893 4042 1017 4107 litteras
1040 4044 1073 4107 et
1092 4040 1223 4107 idoneos

49 4164 180 4230 nuncios
203 4163 307 4228 iussus
329 4161 442 4228 inisset
463 4161 700 4246 prenominatae
723 4157 902 4244 prebendae
924 4156 1083 4242 stipendia
1099 4177 1222 4245 capere,

123 4305 147 4358 1.
165 4302 201 4358 V.
220 4316 263 4372 ep.
275 4301 329 4356 446
347 4315 430 4371 supra
446 4316 474 4371 p.
486 4302 548 4358 578.
625 4301 651 4354 2.
669 4295 829 4354 Bembardi.
909 4297 935 4352 3.
953 4295 1082 4353 Wibaldo
1099 4295 1223 4352 absente

51 4393 78 4449 4.
97 4391 203 4448 1u1.25.
274 4391 300 4446 b.
319 4389 446 4446 Heinriei.

951 4479 1012 4539 33*
