3117 4859
432 263 582 314 uranum
603 261 768 316 marona
789 261 843 312 ara.
1153 243 1222 314 509

47 405 202 491 turbarit,
223 405 354 474 horrore
367 406 491 491 tenuit,
507 405 722 494 eompassione
737 405 916 474 sommouit
946 403 1053 474 Rediit
1064 405 1221 492 siquidem
1237 411 1309 470 litt

49 522 243 592 ablindensi
264 523 392 592 mutate
414 523 455 592 ad
470 522 687 592 Coloniensem
709 523 831 607 urbem,
852 522 908 590 ubi
928 529 1022 590 natus
1042 527 1100 607 est,
1122 523 1221 591 frater
1244 488 1299 546 ⁸⁹¹⁰

48 639 268 724 Vortblerius‚
290 639 340 708 rir
361 640 485 727 udone,
514 639 590 706 dum
612 639 698 727 apud
719 657 777 708 uos
799 640 896 725 vixit,
918 640 1099 727 inculpatae
1119 639 1220 721 ritae;

49 757 107 842 qui
135 756 170 822 in
185 758 288 825 ‘domo
317 756 402 824 beati
423 755 526 842 Petri,
554 761 703 844 presente
727 760 796 824 tota
816 755 995 826 Coloniensi
1016 755 1168 824 mmlesia
1188 760 1222 822 et

48 872 196 961 pluribus
216 872 424 961 principibus,
447 874 503 959 qui
524 873 566 940 ad
587 872 852 960 sollempnitatem
872 874 980 959 regiae
996 866 1223 959 suseeptiouis¹

49 994 272 1074 convenerant,
295 989 399 1058 subito
422 989 463 1056 ad
484 989 581 1076 pedes
602 994 726 1058 nostros
744 995 931 1077 prostratus,
954 990 1099 1058 horridas
1112 987 1224 1058 uulne-

47 1127 125 1174 rum
147 1106 307 1174 oieatrioes
330 1110 362 1172 et
383 1125 533 1174 cavernas
556 1105 726 1192 oculorum,
748 1106 828 1194 ipsis
850 1107 976 1176 orbatas
993 1105 1104 1191 oeulis,
1125 1106 1221 1174 mise-

48 1221 196 1290 rabiliter
222 1227 475 1309 premonstraus,
509 1243 637 1308 mrem
665 1227 697 1290 et
724 1229 876 1290 svestra
901 1223 1024 1291 utinam
1051 1223 1220 1291 serenitate

49 1339 188 1408 ahenam
212 1339 439 1425 querimoniam
460 1339 495 1406 in
517 1343 655 1407 uestram
676 1359 844 1426 personam
865 1339 1017 1422 intendit3
1044 1337 1220 1408 affirmans:

49 1455 138 1543 quod
158 1460 281 1524 vestro·
303 1456 456 1524 instinotu
478 1460 510 1523 et
531 1459 626 1540 nutu,
649 1455 734 1522 laeta
755 1457 795 1523 de
815 1457 886 1544 ipso
908 1457 949 1524 ad
971 1455 1078 1524 fideles
1100 1461 1222 1524 uestros

50 1569 279 1659 querimonis⁸‚
303 1571 343 1640 ab
365 1572 484 1640 eisdem
505 1571 655 1640 membris
669 1576 833 1639 mundatus
848 1579 889 1658 et,
912 1573 996 1660 quod
1009 1573 1222 1640 miserrimum

49 1689 84 1756 in
109 1689 178 1756 rita
201 1693 258 1773 est,
281 1707 371 1757 oenus
394 1687 496 1756 faetus
518 1688 569 1756 sit.
603 1687 684 1768 Quia
705 1709 779 1756 uero
802 1689 837 1756 in
859 1689 1008 1757 cathedra
1029 1688 1115 1757 beati
1135 1688 1223 1756 Petri

49 1804 128 1873 lieet
149 1805 272 1890 indigui
294 1805 480 1872 auctoritate
500 1811 608 1872 tamen
624 1804 815 1892 apostolieae
831 1804 1042 1893 preoeptionis
1055 1806 1121 1873 rim
1135 1807 1224 1893 passi

49 1921 243 2007 residemus,
269 1921 414 1989 iustitiae
434 1921 527 1989 lineis
549 1921 744 2006 inherentes,
767 1921 875 1989 habito
897 1926 1053 1989 eonreutu
1075 1922 1224 1992 abbatum

51 2043 84 2108 et
115 2037 255 2105 omnium
282 2037 425 2126 priorum
447 2037 694 2125 Coloniensium,
723 2043 755 2106 et
782 2058 889 2106 eoram
916 2039 962 2106 eis
984 2039 1099 2107 iterata
1120 2040 1224 2125 queri·

50 2155 171 2239 monia,
194 2173 273 2241 quae
294 2155 329 2222 in
350 2175 407 2222 ros
429 2154 554 2241 prolata
575 2159 634 2240 est,
655 2154 771 2223 iudicio
794 2155 943 2224 ecelesiae
960 2155 1002 2222 ad
1016 2155 1226 2242 quadraginta

51 2271 121 2340 dies
144 2276 218 2359 post
240 2275 384 2358 aeoeptes
405 2271 463 2338 has
485 2276 610 2339 nostres
631 2270 765 2356 litteras,
792 2272 874 2338 siout
895 2273 977 2338 ratio
998 2271 1151 2359 temporis
1172 2290 1225 2338 oa·

51 2388 185 2457 nouitas
207 2387 349 2456 inducias
371 2385 496 2473 diffinit,
518 2393 658 2455 uestram
679 2387 770 2456 nobis
792 2387 985 2475 presentiam
1000 2386 1147 2454 Coloniae
1170 2406 1224 2453 ex·

51 2504 173 2588 hiberi,
202 2525 242 2572 ex
270 2503 443 2592 apostoliea
471 2505 656 2572 auctoritate
685 2509 718 2572 et
743 2508 854 2571 nostra
879 2503 1071 2571 fraternitati
1101 2507 1225 2571 restrae

51 2621 253 2689 mandamus.
335 2619 379 2688 Et
401 2621 475 2707 quia
496 2619 632 2688 erudelis
655 2625 712 2705 est,
737 2620 792 2706 qui
813 2620 931 2687 ianuam
952 2639 1043 2686 suam
1064 2615 1224 2704 negligit,

53 2737 140 2825 qnod
162 2735 249 2805 Deus
272 2737 417 2805 tvestra
439 2737 608 2804 serenitate
631 2741 761 2820 auertat,
785 2735 1005 2804 nichilominus
1027 2736 1224 2820 mandamus,

51 2859 89 2922 ut
112 2873 178 2938 eos,
202 2873 279 2940 quos
301 2853 442 2942 prefatus
458 2851 683 2936 Vlorthlevius)
705 2853 799 2920 huius
813 2853 896 2920 tanti
910 2852 1066 2938 stodlegii
1081 2857 1224 2920 auotores

53 2971 171 3040 astruit
198 2973 230 3038 et
257 2989 335 3057 quoe
362 2974 435 3057 post
462 2974 678 3058 perpetratum
707 2970 829 3038 lacinus
856 2969 897 3036 ad
923 2990 980 3037 ros
1006 2989 1164 3055 regressos
1194 2973 1227 3038 et

51 3088 218 3156 robisoum
231 3087 266 3154 iu
281 3086 373 3153 domo
388 3086 587 3155 familiariter
601 3092 810 3155 eommoratoa
824 3085 911 3171 dioit,
927 3085 968 3154 ad
979 3086 1095 3154 lamam
1107 3086 1226 3171 gloriae

51 3210 197 3274 vestrae⁸
217 3223 276 3290 pro
299 3223 333 3271 se
348 3223 553 3292 responsuros
568 3203 729 3272 Coloniam
753 3202 864 3272 eadem
886 3201 937 3269 die
956 3203 1064 3272 venire
1085 3203 1226 3270 distriote

53 3319 292 3390 oommoueatis.
315 3319 412 3387 Novit
427 3321 511 3388 enim
525 3324 631 3388 uestra
645 3320 794 3404 eruditio,
806 3319 882 3406 quid
892 3319 926 3386 iu
937 3319 1117 3388 huiusmodi
1127 3318 1226 3386 male-
1347 3323 1352 3339 ¹

52 3437 192 3506 faetores
214 3435 386 3524 apostoliea
408 3436 534 3505 decreta
549 3437 721 3504 sanxerint
800 3434 949 3504 Preterea
963 3456 1027 3522 eos,
1049 3457 1128 3523 quos
1140 3436 1226 3504 idern

54 3552 283 3636 Vor(thlerius)
305 3557 401 3620 testes
423 3553 558 3637 moneat,
581 3552 665 3638 quod
687 3553 732 3619 eis
754 3552 953 3639 presentibus
974 3554 1081 3620 minae
1101 3558 1226 3621 rmtrae

53 3671 88 3738 in
111 3689 186 3738 eum
209 3675 242 3737 et
263 3669 459 3756 querimonia
481 3669 521 3736 ad
544 3689 607 3753 eos,
631 3669 683 3754 qui
706 3669 813 3755 ipsum
827 3672 1062 3753 exossaverunt,
1084 3667 1226 3755 prolatae

54 3788 132 3872 siut,
155 3791 188 3854 et
209 3785 287 3854 dnos
309 3786 433 3870 batres,
457 3806 535 3872 quos
557 3784 596 3852 de
617 3785 787 3853 traditione
808 3786 940 3870 notavit,
962 3785 1065 3852 modis
1082 3782 1226 3852 omnibus

53 3905 221 3974 vobisdum
242 3903 379 3991 petimus
405 3901 496 3970 nobis
526 3900 683 3986 exhiberi,
711 3906 748 3968 ut
769 3900 819 3968 et*
840 3901 996 3968 laetorum
1018 3905 1051 3968 et
1071 3899 1226 3968 dictorum

130 4053 151 4086 a.
171 4039 248 4086 vestro
264 4037 356 4084 addidi.
401 4035 424 4084 b.
439 4045 559 4098 saqmrar
573 4039 597 4084 ι’»
613 4035 665 4082 eorl·
681 4035 778 4083 abrasus
792 4051 859 4084 eom
875 4035 931 4084 tua
946 4036 971 4084 ln
985 4036 1085 4082 raabam
1097 4045 1227 4094 persam

55 4131 76 4167 t.
95 4117 206 4166 tundam
222 4117 335 4165 excidisse
350 4117 443 4164 uidetur.
504 4115 530 4162 d.
549 4117 573 4162 et
587 4117 614 4162 ut
628 4133 648 4162 c,

131 4205 156 4260 1.
175 4203 345 4260 lhiderioum
364 4217 457 4274 regem
475 4217 548 4258 anuo
567 4201 636 4257 1152
653 4205 712 4256 tum
730 4199 776 4256 die
794 4200 830 4255 30
844 4199 935 4256 llartii
952 4204 1011 4256 tum
1029 4197 1057 4256 d.
1068 4199 1104 4256 20
1121 4197 1227 4270 Aprilis

57 4293 193 4439 ῦοΙΞιΞὶΙιο
210 4291 296 4349 fuine
315 4293 426 4349 seimus.
502 4293 529 4347 2.
546 4290 698 4362 Augustini
715 4305 806 4348 sermo
823 4289 877 4345 855
894 4289 1226 4361 a1(0pp.ed.tlalllau

56 4383 92 4441 Τ.
191 4398 220 4454 p.
232 4382 305 4452 318).
801 4403 813 4421 x
