3117 4859
411 284 561 333 sumnum
581 283 769 333 nannenus
790 284 830 331 aa.
845 283 898 331 roo.
984 302 992 311 -
1178 266 1243 335 lto

73 424 139 495 sino
165 432 297 514 pastore
324 432 388 511 cst,
415 427 531 513 ubique
553 426 727 511 colliditur,
756 426 873 513 ubique
894 425 1096 511 distrahitur,
1126 427 1242 512 ubique
1261 430 1331 487 1148

73 542 255 629 dissipatur.
289 542 380 610 Unde
403 548 435 611 et
457 544 554 611 abbas
569 539 845 611 Hersvcldensis'¹
859 543 981 610 litteras
1004 542 1111 611 domni
1128 562 1242 630 papae,
1351 624 1355 631 .

70 679 146 745 quas
169 660 262 729 vobis
284 665 316 728 et
331 658 402 727 aliis
416 659 582 728 abbatibus
605 654 792 744 direxeras,
816 659 857 726 ad
877 680 936 727 nos
950 658 1137 742 transmisit,
1160 658 1241 725 mul-

69 780 200 862 tumque
231 777 328 843 etiam
356 777 426 863 ipse
453 780 582 864 propter
609 776 787 843 iniunctum
813 774 874 843 sibi
903 782 936 843 et
956 774 1045 843 vobis
1067 775 1239 860 negotium,

69 896 104 958 ut
124 892 276 978 redeatis,
299 892 365 960 iam
387 892 442 961 diu
465 891 663 960 desideravit.

73 1104 159 1176 100.
182 1107 337 1175 Walter-us
368 1110 558 1175 camerarios
589 1109 779 1175 Corber'ensis
805 1104 947 1174 thatdo
975 1108 1082 1188 instat,
1115 1117 1151 1171 ot
1178 1109 1243 1172 siaa

186 1248 279 1291 moro
300 1236 480 1291 revertatur.
1103 1219 1158 1304 (Μ.
1175 1220 1243 1303 83.)

154 1356 341 1425 Reverendo
356 1357 442 1445 patri
453 1376 490 1424 ac
501 1356 628 1423 domino
640 1376 696 1423 suo
707 1354 853 1424 Wibaldo
863 1355 1037 1423 venerabili
1048 1354 1156 1423 abbati
1166 1355 1242 1422 cor-
1262 1363 1332 1418 1148

66 1472 190 1541 baiensi
205 1472 470 1543 fraterWalterus
482 1474 672 1541 camararius
684 1494 760 1540 suus
773 1473 912 1540 debitam
923 1474 1009 1561 patri
1020 1472 1240 1555 obedientiam.

156 1588 196 1657 ln
224 1588 423 1679 perficiendis
452 1588 582 1657 edificiis
605 1590 719 1657 vestris
748 1590 835 1655 omni
861 1590 1025 1657 conamine
1047 1589 1241 1672 insistimua3

65 1728 147 1794 qnae
170 1708 292 1794 utique,
315 1712 484 1793 autequam
504 1704 718 1794 perficiantur,
741 1726 806 1772 non
827 1706 952 1773 modica
969 1727 1108 1794 expensa
1121 1705 1243 1792 indige·

65 1822 155 1891 bunt
203 1823 276 1890 Non
302 1829 408 1891 autem
429 1844 486 1891 vos
508 1824 567 1891 hoc
588 1822 687 1891 latere
709 1821 872 1908 volumus,
900 1822 985 1909 quod
1007 1823 1027 1889 t
1047 1823 1156 1891 multis
1178 1824 1243 1890 iam

64 1940 178 2008 diebus
203 1960 312 2007 omnes
335 1960 489 2028 expensas
513 1940 653 2007 eiusdem
674 1939 778 2027 operis
794 1944 903 2005 mutuo
920 1938 1097 2027 accepimus
1113 1945 1144 2007 et
1159 1940 1243 2027 quod

63 2056 97 2123 in
119 2057 298 2124 mutuando
321 2078 421 2144 usque
444 2056 484 2125 ad
508 2056 686 2144 quindecim
709 2075 832 2123 marcas
854 2057 919 2123 iam
940 2056 1100 2144 progressi
1122 2078 1242 2143 sumus,

64 2174 210 2261 exceptis
244 2172 310 2259 his,
345 2194 426 2261 quac
461 2173 562 2241 adbuc
592 2174 632 2240 ad
659 2172 823 2241 residuum
850 2193 929 2261 opus
955 2173 1095 2241 habituri
1122 2194 1241 2242 sumus.

63 2288 183 2375 llaguo
208 2290 335 2377 quidem
358 2289 513 2358 desiderio
535 2290 728 2378 presentiam
750 2294 890 2357 vestram
913 2296 1116 2378 expectamus
1134 2288 1243 2357 multis

63 2406 102 2475 de
125 2407 244 2492 causis,
268 2428 345 2495 quas
368 2408 454 2477 intus
478 2412 510 2473 et
531 2406 608 2473 foris
631 2406 745 2473 cotidie
768 2405 853 2494 apud
875 2427 932 2473 nos
947 2406 1091 2473 videmus
1106 2412 1140 2473 et
1153 2407 1243 2473 audi-

62 2544 146 2607 mus,
169 2544 232 2611 pro
255 2524 367 2611 quibus
389 2523 551 2611 presentia
571 2528 678 2590 vestra
691 2524 784 2591 nobis
799 2528 832 2590 et
845 2522 995 2591 ecclesiae
1010 2522 1144 2589 multum
1160 2530 1243 2591 esset

62 2640 260 2723 necessaria3
284 2640 481 2726 multumque
503 2640 633 2707 timetur
655 2641 695 2708 ab
718 2640 874 2724 omnibus,
898 2640 953 2725 qui
974 2660 1030 2706 vos
1045 2645 1078 2706 et
1090 2640 1243 2706 honorem

64 2762 211 2824 vestrum
234 2756 380 2843 diligunt,
404 2757 498 2843 quod,
522 2757 550 2823 si
567 2755 685 2823 diutius
700 2777 823 2823 moram
844 2755 992 2841 feceritis,
1016 2754 1137 2842 aliquas
1152 2756 1243 2822 novi·

63 2878 162 2957 tates,
195 2893 276 2959 qnae
303 2871 438 2939 murltum
462 2874 600 2959 quietem
622 2876 760 2939 vestram
784 2872 969 2959 perturbare
992 2873 1129 2959 possint,
1157 2872 1242 2959 apud

62 3009 120 3057 nos
144 2990 290 3057 inuenire
314 2988 469 3073 debeatis;
498 2990 536 3057 de
560 2989 673 3075 quibas
696 2988 824 3074 quidem
847 2988 953 3076 aliqua
975 2988 994 3056 ai
1016 3009 1114 3076 puero
1136 2993 1241 3055 vestro

63 3102 263 3189 L(ndowico)
288 3106 396 3174 audire
418 3106 562 3195 potestis.
597 3106 667 3172 Nisi
683 3110 767 3173 esset
782 3106 877 3173 timor
892 3104 962 3190 iste,
985 3104 1126 3193 placeret
1139 3104 1240 3190 nobis,

64 3222 148 3307 quod
172 3243 272 3309 usque
295 3220 336 3289 ad
357 3243 456 3291 novas
471 3222 577 3308 fruges
592 3222 730 3289 reditum
745 3226 886 3289 vestrum
900 3221 1143 3310 protraheretis3
1167 3222 1242 3309 quia

63 3339 89 3405 si
112 3344 192 3407 ante
214 3339 383 3423 redieritis,
405 3360 469 3405 non
490 3340 658 3407 invenietis
681 3339 719 3407 de
735 3360 862 3406 annona
876 3344 991 3423 vestra,
1015 3338 1099 3424 quod
1113 3337 1164 3405 vel
1177 3360 1242 3405 una

64 3454 112 3523 die
136 3454 338 3523 manducetis
360 3460 415 3523 aut
438 3456 513 3542 quid
533 3454 659 3540 bibatis,
683 3456 746 3522 nisi
766 3456 873 3543 precio
889 3456 1088 3542 comparetis.
1124 3455 1180 3523 Set
1193 3456 1241 3523 vi-

65 3571 157 3639 detur
181 3571 274 3639 nobis
297 3570 501 3657 tolerabilius,
526 3571 609 3659 quod
632 3592 790 3639 annonam
813 3572 898 3659 apud
911 3592 970 3639 nos
985 3572 1145 3659 aliquanto
1160 3577 1240 3639 tem-

63 3708 140 3775 pore
163 3688 290 3773 ematis,
314 3708 408 3774 quam
431 3687 537 3775 aliqua
559 3688 822 3772 inconvenientis,
846 3709 926 3776 quae
941 3710 997 3757 vos
1018 3710 1058 3756 ex
1079 3687 1239 3775 insperato

63 3802 210 3871 laborem
232 3804 361 3890 faciant,
384 3804 468 3892 apud
490 3826 547 3872 nos
571 3806 648 3872 oriri
670 3804 872 3893 permittatis.
906 3804 1042 3873 Multum
1063 3806 1170 3891 itaque
1184 3825 1239 3872 vo-

1 3954 3 4007 3
64 3918 181 4006 lumus,
205 3926 241 3987 ut
264 3942 372 3988 omnes
387 3942 493 3988 moras
509 3922 664 4009 rumpatis
688 3924 729 4007 et,
752 3926 880 4009 recepto
895 3922 955 3989 hoc
969 3922 1110 4010 presenti
1124 3920 1237 3988 nuncio

2 4086 3 4117 ,
66 4043 182 4123 restra
206 4036 248 4103 ad
270 4057 328 4104 nos
350 4038 454 4105 redire
470 4038 636 4105 festinetis.
671 4036 722 4105 Ex
737 4036 889 4105 fidelitate
905 4043 937 4104 et
952 4038 1115 4105 deuotione
1129 4042 1239 4105 nostra

2 4126 3 4139 ἵ
68 4157 122 4241 erl,
146 4153 235 4241 qnod
258 4153 300 4220 ad
321 4154 459 4221 reditum
481 4175 537 4221 vos
559 4160 626 4221 tam
647 4155 803 4222 instanter
825 4155 1033 4222 cohortamur.

134 4328 156 4362 a.
178 4312 342 4363 Horraldausis
357 4333 375 4361 ι.

135 4402 163 4459 1.
181 4400 339 4457 Heinrieus.
411 4402 437 4457 2.
457 4400 491 4457 V.
511 4416 555 4471 cp.
568 4402 603 4457 86
621 4416 705 4471 sopra
722 4416 751 4471 p.
764 4401 825 4457 159.
