3117 4859
446 257 595 306 wmnnnr
616 257 783 308 aaronem
803 257 858 306 sac.
1169 245 1233 310 571

63 395 157 466 436.
178 399 335 464 Aeneidos
364 399 611 490 archiepiscopus
634 402 835 489 nequeam
857 401 1032 470 Wiboldmn
1053 406 1093 470 da
1113 407 1236 472 iniusiis
1286 475 1292 486 ‚

178 516 237 580 sibi
266 517 305 582 ab
328 515 508 582 Hermanno
537 520 645 584 comus
668 519 813 604 palatino
840 519 935 584 &lctis
961 523 1121 585 satiem
1143 520 1235 608 facit.

174 631 292 717 Requi,
316 643 399 718 cycl,
417 643 453 696 ut
467 624 645 700 Feidera'cus
659 633 682 700 l
696 658 753 700 rec
769 636 886 700 auxilio
900 637 960 702 sits·
972 637 1020 701 ait.
1077 633 1131 718 (ll.
1146 635 1236 718 438.)

155 761 430 846 A(rn01dus)1>si
465 765 568 848 gratia
589 764 793 850 Magantinas
819 767 903 834 sedis
930 768 1059 835 humilis
1092 769 1237 836 minister
1255 783 1325 838 1155

62 878 237 961 W(ibnldo)
259 881 430 947 reverendo
446 879 643 950 Gorbeisnsis
663 882 833 951 aecclesiae
848 883 956 952 abbati
977 885 1114 952 salutem
1135 890 1167 953 et
1187 885 1237 951 in·

62 995 179 1062 timum
202 994 410 1065 dilectionem.

156 1111 330 1180 Nonnullae
353 1112 527 1197 gratiarum
551 1114 688 1181 actiones
707 1119 832 1182 vestras
853 1115 1018 1184 referimus
1040 1117 1237 1202 benignitati,

63 1229 152 1315 quod
179 1233 247 1294 tam
273 1230 429 1314 fraterno,
459 1233 526 1296 tam
555 1228 722 1298 affectuose
749 1232 864 1300 litteris
888 1232 1001 1302 restris
1027 1253 1086 1300 nos
1107 1232 1238 1301 viatere

62 1346 202 1414 curastis
231 1348 277 1429 ct,
307 1345 346 1413 cle
374 1349 459 1412 statu
487 1346 594 1412 domni
622 1346 706 1429 regis
735 1353 767 1414 ot
795 1355 901 1416 vestro
927 1369 987 1436 per
1014 1350 1150 1433 gramm
1177 1348 1238 1416 Dei

62 1481 220 1550 prospero
242 1481 300 1528 nos
322 1460 538 1545 certificando,
566 1461 678 1528 vulnus
707 1463 928 1532 sollicitudinis
953 1466 993 1532 de
1014 1465 1108 1532 corde
1130 1469 1238 1533 nostro

63 1583 243 1666 amputare.
289 1577 409 1644 Bonam
432 1578 529 1662 igitur
552 1578 587 1644 in
608 1579 697 1646 vobis
723 1585 886 1667 tamquam
908 1582 942 1648 in
962 1581 1061 1649 trabe
1083 1587 1116 1649 et
1138 1582 1238 1648 amieo

62 1693 215 1762 fiduciam
243 1693 409 1779 babentes,
439 1694 656 1780 conquerendo
684 1695 883 1764 notificamus
904 1697 1010 1765 vobis:
1038 1698 1123 1784 quod
1151 1698 1239 1786 pala-

62 1813 153 1880 tinus
177 1831 281 1878 mmes
306 1810 345 1877 dc
366 1809 453 1877 Reno
463 1805 481 1895 ¹,
504 1815 584 1878 teste
605 1810 674 1878 Deo
697 1812 817 1880 nubam
839 1813 874 1880 in
892 1833 951 1880 nos
966 1834 1095 1882 causam
1108 1813 1238 1899 babens,

63 1933 179 1996 contra
200 1925 295 1994 fidem
318 1931 349 1994 et
371 1931 618 2012 sacramentum,
646 1949 708 2014 quo
730 1929 821 1996 nobis
845 1934 914 1998 erat
935 1932 1101 2016 acuimus,
1129 1952 1170 1998 ex
1190 1931 1239 1998 in·

64 2049 206 2131 sperato,
231 2065 271 2111 er
292 2043 464 2130 improviso
487 2042 656 2112 aecclesiae
677 2044 881 2130 Magantinas
903 2053 936 2114 st
953 2048 1045 2115 nobis
1066 2067 1139 2114 oum
1161 2067 1240 2114 non·

63 2161 164 2230 nullis
179 2160 356 2246 iniquitatis
372 2181 447 2227 suae
462 2160 665 2247 complicibus
681 2161 849 2230 violentiae
867 2183 980 2231 manus
993 2164 1112 2248 iniecit,
1135 2169 1241 2232 castra

63 2283 178 2346 nostra
200 2277 366 2361 destruxit,
388 2276 530 2344 homines
550 2283 675 2346 nostros
698 2280 882 2366 captivavit,
904 2285 1008 2346 curtes
1030 2284 1154 2348 nostres
1176 2299 1240 2348 ncn

64 2394 172 2462 solum
204 2393 325 2480 rapinis
360 2393 537 2464 devastarit
569 2395 818 2462 verumetiam
852 2415 928 2462 suas
956 2395 1070 2462 ditioni
1097 2396 1240 2482 subiecit,

65 2529 162 2578 sacra
183 2509 340 2576 cimiteria
362 2515 394 2576 et
416 2509 583 2578 aecclesias
604 2509 762 2596 spoliavit,
786 2511 858 2597 ipsa
873 2510 987 2580 caria
1000 2517 1033 2578 et
1047 2512 1241 2580 venerabiles

65 2626 220 2713 reliquias
243 2626 436 2694 cmamentis
459 2626 525 2692 suis
548 2626 729 2712 denudavit
751 2627 787 2693 in
806 2627 1031 2694 monachorum
1044 2628 1169 2695 irruens
1191 2648 1241 2696 ce-

65 2744 166 2813 nobia
188 2763 357 2828 corumque
379 2742 576 2830 periringens
600 2742 712 2827 oraria,
734 2741 921 2826 sacrilegam
936 2763 1081 2812 exercere
1097 2745 1242 2833 rapinam

64 2881 134 2929 non
161 2860 352 2926 formidavit.
388 2857 490 2926 Huius
518 2879 641 2944 quoque
669 2859 846 2945 iniquitatis
874 2865 1017 2928 auctores
1040 2866 1186 2930 asserunt
1209 2871 1242 2930 et

65 2979 187 3063 ubique
210 2975 382 3060 dimlgant,
406 2995 440 3042 se
464 2995 503 3042 er
524 2977 674 3044 mandato
697 2975 806 3044 domni
828 2975 912 3060 regis
935 2975 1104 3046 aecclesiae
1125 2977 1188 3046 Dei
1210 2984 1242 3047 et

66 3095 161 3163 nobis
184 3093 266 3159 hanc
287 3092 437 3158 iniuriam
459 3093 614 3177 irrogar03
646 3095 730 3180 quod
751 3093 861 3180 utque
883 3113 953 3178 eos,
975 3098 1139 3179 umquam
1159 3093 1241 3163 lilios

66 3209 242 3294 mendacii,
266 3209 382 3276 scimus
404 3207 484 3276 falso
507 3211 707 3278 coniectasse.
798 3209 1042 3278 Fraternitatsm
1068 3210 1167 3295 igitur
1187 3233 1241 3280 re·

67 3333 181 3411 stram,
199 3346 324 3412 semper
337 3326 371 3392 in
386 3325 477 3393 bonis
493 3326 584 3395 nobis
600 3333 773 3413 expertam,
791 3347 887 3413 quam
900 3326 1012 3394 intime
1026 3327 1240 3416 deposcimus:

66 3449 122 3526 ut,
151 3442 201 3508 his
230 3442 388 3528 pressuris
417 3442 533 3509 nostris
560 3446 592 3508 et
613 3443 868 3511 tribulationibus
890 3443 1099 3532 condolendo,
1127 3446 1241 3513 domno

68 3560 139 3643 regi
162 3557 347 3642 suggeratis,
370 3563 406 3624 ut
429 3557 597 3624 aecclesiae
619 3578 694 3626 suae
718 3565 749 3627 st
771 3560 863 3628 nobis
882 3560 986 3628 debito
1002 3562 1119 3630 auxilio
1134 3562 1242 3646 digno·

67 3683 125 3744 tur
148 3675 330 3756 subvenire3
361 3679 393 3740 et
412 3673 528 3740 litteris
552 3674 616 3740 suis
640 3675 681 3740 ad
702 3681 809 3762 partes
833 3683 957 3745 nostras
980 3673 1125 3745 directis¹
1146 3677 1242 3746 falsos

66 3793 143 3860 illos
166 3790 321 3858 delatores
344 3811 439 3877 super
460 3790 663 3877 inprudentia
684 3791 858 3877 mendacii,
887 3814 948 3879 quo
969 3793 1145 3861 maiestatis
1167 3813 1242 3862 suae

66 3909 166 3978 fidem
189 3906 435 3974 sincerissimam
456 3905 639 3974 insimulare
663 3912 695 3975 et
710 3908 887 3978 incrustare
909 3909 1143 3998 presumebant,
1165 3908 1243 3977 velit

68 4044 205 4110 arguere
228 4030 260 4090 et
281 4024 451 4090 confutare.

144 4251 371 4308 allemannis.
442 4251 469 4306 2.
487 4265 522 4307 ex
539 4250 627 4308 Italia
