3117 4859
305 271 373 342 524
640 292 791 342 umnam
810 291 998 342 mrsuoms
1016 293 1071 342 rsa
1086 293 1140 344 aaa

219 440 289 498 uba
308 433 421 504 affeetu
443 433 484 502 udw
506 435 611 502 sinum
633 441 786 523 paternas
806 435 1019 503 miserationis
1039 439 1164 505 vesum
1184 437 1401 522 configimus,
1419 457 1473 526 pe·

306 551 399 619 dibus
422 552 599 620 sanctitatis
622 557 746 620 vestrae
760 551 923 620 humiliter
936 551 1132 640 provolutae,
1154 553 1345 642 suppliciter
1358 560 1393 622 et
1405 574 1475 622 eou-

306 666 434 734 tritione
456 668 587 755 spiritns
609 669 710 736 nostri
728 669 927 750 elementiam
941 674 1082 737 vestam
1094 670 1307 756 obsecrantes,
1331 673 1477 758 quatinus

307 803 404 851 eausa
425 783 487 852 Dei
514 789 547 852 et
574 785 694 853 domiui
720 786 822 853 nostri
850 785 1094 874 archiepiscopi,
1122 786 1177 873 qui
1203 808 1261 854 uos
1290 787 1478 856 demendae

306 905 431 968 vestras
456 901 625 988 perintime
652 902 897 987 sommendarit,
923 901 1047 970 litteras
1073 907 1195 972 umbos
1223 904 1266 971 ad
1292 905 1479 992 episeopum

305 1014 626 1086 Potherbumensem¹
648 1019 793 1103 dirigatis
820 1039 956 1106 eumque
976 1020 1112 1105 rogetis,
1138 1024 1175 1087 ut
1201 1039 1260 1087 sua
1287 1023 1479 1089 auetoritnte

305 1131 483 1219 confirmet,
510 1154 551 1202 ne
578 1153 634 1202 nos
666 1135 799 1204 ulterius
821 1136 985 1220 infestent,
1014 1140 1047 1203 et
1073 1157 1155 1223 quae
1175 1138 1244 1205 iure
1265 1137 1478 1225 possidemus,

304 1249 489 1318 inconvulsa
514 1256 730 1338 permaneant
775 1251 896 1320 Valete
933 1251 1061 1320 Patrem
1093 1258 1237 1322 nostrum
1270 1254 1479 1322 karissimum

306 1367 466 1436 sanctitati
488 1372 612 1435 vestae
633 1369 802 1456 perintime
823 1369 1089 1455 commendamus,
1111 1375 1145 1438 et
1164 1376 1201 1437 ut
1222 1369 1308 1438 siin
1329 1371 1480 1439 omnibns

306 1483 459 1568 angustiis
483 1485 548 1550 suis
571 1483 839 1572 oaudesoeudatis,
862 1485 977 1555 obnixe
997 1505 1155 1571 rogamus.

307 1693 396 1768 393.
414 1697 573 1764 Wibaldue
597 1698 742 1788 Eopeaio
765 1700 819 1768 ΠΙ
838 1723 946 1789 papae
973 1700 1131 1788 Sisridom
1157 1703 1297 1768 abbatem
1327 1701 1480 1769 ababa

414 1837 557 1898 manera,
581 1817 620 1882 ab
642 1815 824 1883 Hermanno
847 1819 990 1906 episeopo
1011 1818 1159 1885 Vardanes
1186 1819 1360 1906 apuam,
1395 1843 1481 1884 eors-

414 1931 547 1997 maadat.
805 1919 808 1923 ’
1310 1931 1365 2015 (bb
1383 1935 1480 2016 364.)

217 2069 287 2128 1162
393 2062 575 2132 Reverendo
598 2064 632 2132 in
648 2063 774 2132 Christo
796 2065 882 2154 patri
903 2085 961 2133 suo
975 2064 1147 2134 etdamino
1161 2065 1329 2152 E(ugenia)
1344 2075 1482 2136 sanatae

304 2181 464 2250 sommae
487 2179 655 2249 aecclesiae
678 2201 800 2250 summo
814 2179 957 2270 pontifici
977 2183 1075 2250 trater
1089 2180 1276 2266 W(ibddus)
1290 2183 1351 2251 Dei
1366 2187 1482 2269 gratia

304 2299 348 2384 id,
372 2296 456 2386 quod
480 2297 583 2366 estin
605 2297 757 2366 aeeclesia
778 2299 941 2385 catholiea,
963 2299 1093 2384 exiguas
1107 2299 1264 2368 oratiams
1278 2306 1311 2368 et
1323 2300 1481 2369 devotum

303 2414 476 2484 servitium.

392 2529 490 2598 Later
519 2531 728 2619 presentium,
756 2530 954 2600 Oorbeiensis
981 2530 1152 2600 aecclesiae
1176 2529 1277 2618 filim,
1304 2538 1419 2600 noster
1446 2535 1480 2604 iu

305 2647 441 2718 Domino
465 2647 585 2732 eollega
607 2652 639 2714 et
660 2648 818 2716 mnirater
840 2647 976 2716 Sibidus
1003 2648 1117 2733 abbas,
1145 2655 1323 2738 assumptus
1348 2650 1418 2716 init
1440 2651 1481 2719 de

304 2765 497 2834 monasterio
525 2763 706 2832 Corbeiensi
733 2765 767 2831 in
795 2764 1003 2853 prelationem
1031 2764 1175 2832 abbatiae
1201 2765 1241 2832 de
1266 2763 1480 2852 Ulleabeim¹;

305 2902 401 2970 quam
424 2881 521 2949 etiam
544 2881 789 2948 amministravit
808 2881 874 2948 iam
896 2880 988 2948 annis
1001 2878 1074 2968 plus
1097 2901 1192 2968 quam
1213 2881 1376 2949 duodecim
1401 2903 1482 2952 oum

304 2998 475 3088 disciplina
496 3003 529 3066 et
551 3002 718 3083 augmento
741 2998 792 3064 sui
813 2998 933 3066 ordinis
956 3003 989 3065 et
1001 3017 1107 3065 rerum
1126 2999 1349 3086 temporalium
1368 2999 1480 3070 inure-

303 3119 421 3202 mento,
444 3115 491 3182 ita
511 3119 548 3182 ut
568 3115 785 3182 testimonium
806 3115 937 3183 baberet
958 3113 999 3181 ab
1016 3113 1067 3181 bis
1082 3114 1189 3199 edem,
1211 3116 1267 3201 qui
1286 3115 1363 3182 ioris
1384 3123 1477 3184 sumt

304 3231 397 3299 Hune
418 3231 552 3299 domnus
574 3229 798 3314 H(ermannus)
821 3229 989 3298 Ferdensis
1018 3231 1198 3320 episeopus,
1227 3231 1262 3298 in
1287 3231 1375 3298 euius
1397 3253 1479 3321 par·

304 3346 413 3415 roobia
434 3347 519 3414 idem
533 3347 760 3415 monasterium
775 3346 929 3433 oonsistit,
951 3347 1020 3414 siue
1034 3347 1198 3416 vocatione
1214 3353 1247 3416 st
1260 3367 1327 3417 ne
1341 3348 1478 3418 audiar·

304 3463 360 3549 tia,
385 3464 454 3531 sine
475 3463 598 3550 iuditio,
620 3485 685 3532 non
707 3465 894 3550 eonvietum,
916 3483 981 3530 non
1002 3463 1190 3550 mnfessum,
1212 3465 1252 3532 de
1272 3464 1399 3533 abbatia
1416 3487 1479 3536 sua

305 3579 427 3668 expulit
455 3584 488 3648 et
515 3581 660 3649 omnibus
687 3581 871 3650 monasterii
897 3581 990 3649 rebus
1011 3580 1084 3670 plue
1106 3601 1201 3668 quam
1222 3602 1281 3670 per
1302 3582 1376 3649 anui
1397 3603 1477 3672 spa·

303 3697 388 3768 oium
410 3697 475 3764 iam
496 3697 652 3785 spoliavit.
687 3697 750 3766 Pro
772 3718 835 3785 qua
854 3719 891 3766 re
906 3717 969 3765 non
983 3696 1086 3765 solum
1107 3698 1237 3766 duobis
1250 3719 1361 3766 raum
1375 3701 1479 3772 etiam

303 3813 524 3883 treverendis
547 3815 756 3884 confratribus
777 3816 906 3902 nostris,
928 3815 1024 3883 totius
1042 3815 1110 3882 tere
1124 3813 1282 3884 Saxoniae
1295 3816 1479 3906 abbatibus,

302 3929 482 4017 frequenter
511 3935 543 4000 et
570 3929 707 4000 offioiose
734 3933 960 4017 summonitus,
992 3950 1052 4000 nee
1082 3931 1249 4000 restituere
1275 3953 1336 4001 nee
1363 3935 1480 4004 ordine

302 4047 451 4116 oauonieo
474 4052 611 4116 battare
632 4049 738 4136 ipsum
760 4049 949 4117 confratrem
970 4053 1114 4117 nostrum
1135 4049 1245 4117 voluit
1280 4049 1414 4139 Insuper
1434 4053 1479 4120 ad

302 4163 725 4233 intolerabilis-eontumeliae
740 4165 900 4232 cumulum
915 4166 1067 4252 quosdam
1080 4166 1382 4255 pseudomouaebos,
1394 4189 1476 4255 quoa

303 4279 463 4368 prediatus
492 4280 588 4350 obbas
615 4286 746 4370 propter
775 4283 995 4351 enormitatem
1016 4282 1100 4352 vitae
1121 4304 1198 4352 suae
1220 4284 1259 4352 de
1280 4286 1476 4354 monasterio

373 4412 398 4467 1.
417 4410 617 4470 Bernhardum.
686 4414 713 4471 2.
731 4413 857 4471 Ueltreu.
