3117 4859
328 227 395 295 284
704 246 855 295 wmsumr
875 244 1039 295 misnens
1060 244 1114 293 rer.

242 391 313 449 nee
329 386 470 473 neglecta
497 386 695 475 dispendium
723 388 822 475 parit,
849 408 913 455 non
941 408 1036 454 surae
1062 386 1222 476 popularis
1243 388 1360 456 amisso
1380 388 1474 477 ‹lispu

328 504 475 571 tationis·
496 504 654 592 preoouio,
678 509 726 571 set
747 505 832 571 vitae
852 504 962 592 pocius
984 510 1077 590 atque
1098 524 1221 571 morum
1242 504 1434 572 detrimento.

415 620 512 687 Porro
542 620 626 707 quod
651 618 847 706 eloquentiae
873 620 953 687 milri
979 620 1154 708 portionem
1180 621 1319 707 aliquam
1339 621 1480 706 tribuisti,

326 736 477 803 iudioium
503 741 593 803 tuum
622 756 728 803 amore
753 736 894 803 illectum
916 742 965 805 est
986 756 1023 804 ae
1044 737 1218 824 deeeptum.
1251 736 1312 804 Iist
1333 738 1416 805 enim
1435 757 1482 805 res

326 872 384 921 neo
406 853 497 941 parvi
518 853 669 940 temporis
691 872 749 920 nee
771 852 878 937 exigui
899 853 997 920 studii
1015 873 1074 920 nee
1089 852 1231 920 modicae
1245 855 1483 937 exoreitationis,

326 969 408 1037 seire
436 970 501 1035 vim
529 974 561 1035 et
588 974 734 1036 naturam
758 971 949 1055 animorum,
978 970 1116 1037 exaitare
1137 969 1260 1056 pigros,
1287 972 1402 1038 nstere
1420 990 1484 1037 uu·

325 1091 431 1153 rentes
454 1092 486 1153 et
507 1090 657 1171 tanquam
678 1086 809 1154 habenis
833 1086 1020 1172 quibusdam
1040 1086 1220 1173 potentibus
1237 1085 1484 1154 oireumlleotmo
1555 1173 1556 1176 Ἴ

325 1200 416 1270 Lioet
437 1202 521 1269 enim
543 1207 656 1270 natura
678 1203 720 1269 sit
741 1202 855 1270 habilis
878 1209 910 1271 et
932 1203 971 1270 ed
992 1202 1188 1289 reeipiendus
1211 1222 1415 1289 quaeeunque
1428 1203 1487 1269 for·
1555 1231 1556 1234 ¹

325 1340 395 1385 mas
417 1317 521 1385 mollis
545 1323 639 1405 atque
660 1317 846 1403 tractabilis,
870 1319 1012 1405 quamvis
1035 1318 1173 1385 eruditor
1195 1318 1364 1404 diligenter
1387 1324 1421 1386 ot
1440 1338 1488 1385 oo-
1555 1297 1556 1302 ἵ

325 1435 413 1522 piose
436 1434 555 1519 uariat,
584 1439 705 1517 tamen,
729 1435 757 1499 si
778 1434 951 1520 frequentis
972 1454 1048 1500 usus
1071 1435 1153 1501 aetio
1176 1435 1273 1520 desit,
1296 1456 1379 1521 quae
1399 1435 1489 1519 longe

325 1550 512 1617 uoleustuis
534 1548 757 1617 monaohorum
780 1549 903 1617 seoluso
922 1555 980 1633 est,
1002 1549 1109 1617 lumen
1123 1552 1144 1617 i
1156 1550 1296 1619 tenebris
1310 1550 1487 1634 suffocatur,
1555 1615 1556 1620 ,

324 1666 407 1751 ignis
436 1666 455 1732 t
480 1666 585 1733 einero
611 1686 675 1732 non
697 1666 793 1733 ulitur
815 1670 865 1733 set
885 1666 1088 1751 extinguitur.
1127 1666 1259 1754 Oportet
1280 1672 1490 1735 oratoremet

325 1783 408 1850 vinei
436 1788 467 1849 et
494 1782 634 1867 uincere,
662 1787 698 1848 ut
725 1783 849 1849 nouerit
876 1803 910 1850 se
937 1787 970 1850 et
996 1804 1070 1849 suos
1099 1788 1132 1850 et
1157 1788 1246 1850 sento
1271 1788 1440 1871 protegere
1460 1787 1490 1849 ot
1555 1775 1556 1782 '

324 1898 429 1985 gladio
450 1899 554 1965 ferire.
588 1896 672 1983 Lege
687 1897 916 1977 Quintilianum
929 1898 969 1965 ele
983 1898 1180 1966 institutione
1202 1900 1350 1984 oratoria,
1374 1901 1432 1986 qui
1452 1899 1489 1966 ul)

324 2021 413 2083 utero
440 2015 551 2082 matris
580 2019 761 2101 susceptum
789 2015 941 2082 infantem
962 2014 1073 2081 limare
1094 2010 1223 2103 incipit¹
1245 2021 1278 2082 et
1296 2016 1489 2083 formarem

325 2132 458 2199 oratoris
485 2130 617 2217 perfeoti
646 2130 864 2197 substantium.
900 2130 986 2197 Haeo
1013 2132 1062 2197 vis
1086 2136 1180 2217 atque
1201 2132 1346 2218 potentio
1365 2132 1488 2218 longius
1555 2143 1556 2182 i

325 2249 475 2315 anostra
496 2251 579 2313 etate
601 2247 740 2313 reoessit.
775 2246 929 2325 Quoniam
945 2246 1046 2313 omnis
1063 2246 1258 2313 iurisdictio·
1272 2254 1329 2315 aut
1350 2255 1403 2316 est
1423 2266 1489 2316 aaa

324 2362 500 2431 elesiustioa
525 2362 576 2429 rel
602 2361 761 2430 secularis.
796 2362 840 2429 Et
861 2363 895 2429 iu
916 2363 984 2429 foro
1007 2362 1134 2449 quidem
1153 2363 1205 2430 ius
1228 2364 1337 2431 dieunt
1356 2364 1433 2434 lnioi
1453 2364 1488 2432 il·
1555 2357 1556 2404 l

323 2480 469 2564 litterati,
498 2480 620 2567 optima
639 2480 799 2546 interdurn
824 2485 938 2545 natura
958 2479 1088 2566 prediti3
1119 2485 1169 2547 set
1189 2485 1296 2547 tamen
1316 2481 1351 2547 in
1374 2481 1487 2570 populo

324 2596 511 2664 Germaniae
545 2616 618 2662 rara
650 2595 845 2662 declamandi
874 2594 1065 2663 eonsuetudo
1092 2595 1230 2663 breuiter
1257 2603 1290 2663 et
1316 2600 1409 2683 quasi
1435 2619 1488 2687 pa
1554 2591 1555 2674 l

324 2713 458 2800 quedam
480 2717 598 2800 puncta
619 2710 816 2797 signifioandi
838 2712 943 2798 potins
966 2732 1060 2798 quam
1082 2710 1273 2799 explanandi
1294 2734 1390 2781 usum
1405 2715 1486 2784 feeit

323 2829 435 2896 Altera
461 2829 540 2895 iuris
567 2849 658 2915 pars,
694 2848 773 2914 quae
802 2828 953 2895 eunoniea
979 2834 1124 2914 uoeatur,
1159 2828 1284 2896 auiris
1310 2828 1487 2900 litterarum
1554 2885 1555 2938 p

324 2946 513 3013 doetissimis
542 2944 807 3029 amministretur,
837 2943 949 3031 quibus
977 2944 1012 3010 iu
1033 2964 1088 3011 ore
1109 2951 1159 3013 est
1179 2943 1232 3012 lex
1253 2945 1330 3031 Dei,
1360 2969 1402 3015 ex
1430 2970 1488 3035 quu
1554 2951 1555 3020 ξ

325 3062 469 3129 audiunt:
493 3062 600 3128 Nolite
620 3064 772 3142 iudicare,
797 3075 831 3127 us
852 3084 917 3127 noo
936 3056 1146 3143 iudicerisi',
1169 3082 1340 3150 perquam
1354 3064 1486 3150 diseunt,
1553 3081 1554 3150 l

324 3178 407 3263 quod
430 3179 514 3265 apud
535 3176 722 3245 christianos
744 3176 841 3244 miser
863 3182 925 3261 est,
947 3197 1012 3244 non
1033 3178 1088 3263 qui
1108 3178 1244 3264 patitur,
1267 3185 1317 3248 set
1336 3184 1394 3268 qui
1415 3182 1488 3249 faeit

323 3294 480 3361 iniuriam
522 3292 557 3359 ln
586 3293 641 3361 illo
670 3293 786 3361 summi
811 3290 1001 3377 legislatoris
1029 3294 1131 3361 edicto
1159 3294 1281 3380 legunt:
1312 3298 1366 3367 se
1391 3322 1486 3365 sem
1553 3307 1554 3388 l

323 3423 436 3477 oneo.-
464 3412 537 3492 Eoi,
574 3424 633 3489 αις
662 3410 753 3491 Nou,
782 3433 864 3487 oon3
898 3412 984 3496 qood
1010 3424 1113 3478 amon
1139 3412 1188 3477 tis
1215 3416 1353 3502 amplias
1381 3430 1441 3498 est,
1466 3440 1486 3481 a
1553 3467 1554 3470 η

323 3527 406 3593 malo
431 3522 499 3593 eret
533 3526 577 3595 Et
602 3546 683 3593 unus
706 3525 840 3593 eximiae
864 3524 951 3593 illius
973 3527 1078 3595 euriae
1100 3535 1206 3595 orator
1227 3529 1318 3597 dioit:
1347 3533 1486 3620 Ampiae

325 3646 525 3731 obprobrium
546 3668 657 3725 meam,
683 3645 768 3731 qood
789 3647 964 3730 auspicum
986 3640 1079 3709 sumi
1152 3644 1188 3711 Si
1210 3664 1284 3731 ergo
1306 3666 1367 3713 neo
1388 3648 1485 3734 suspi-
1552 3649 1553 3730 ζ

324 3760 413 3826 oione
440 3780 498 3827 neo
524 3761 704 3827 oonieetura
730 3778 789 3825 neo
814 3760 976 3827 oooasione
999 3758 1117 3845 aliquid
1138 3759 1190 3827 vel
1211 3760 1485 3847 adprobandum·
1552 3751 1553 3830 3

323 3874 373 3943 uel
407 3876 448 3941 od
481 3896 543 3943 non
571 3874 769 3965 probandum
798 3876 982 3959 assumitur,
1016 3882 1117 3943 restat
1144 3876 1279 3963 simplex
1306 3880 1484 3947 mammes
1552 3881 1553 3886 ’

324 4009 452 4059 oausae:
480 3992 616 4059 Fontei?
638 3992 752 4058 ›Foeie
775 3990 827 4059 uel
849 3992 944 4059 »Nos
957 3988 1075 4079 feei&
1165 3992 1231 4081 lpsi
1252 3994 1421 4079 gentilium
1441 3996 1484 4063 di·

395 4180 415 4214 a.
436 4166 589 4228 disputatione
605 4186 625 4215 c.
685 4168 878 4217 b.iu1is‹litioo.
939 4183 959 4218 e
979 4168 1016 4217 vel
1031 4170 1201 4231 approbandum
1215 4191 1235 4221 c.

396 4262 513 4332 1.n.1‚
533 4263 558 4320 1.
624 4262 651 4319 a.
668 4262 765 4319 naon.
784 4264 809 4333 u,
828 4265 854 4321 1.
923 4264 1177 4337 emensas.
1248 4268 1480 4341 assuas.
1551 4281 1552 4288 Ν

325 4350 351 4405 t.
370 4348 413 4407 cf.
430 4350 554 4413 Olooson.
572 4352 614 4411 ele.
624 4352 784 4409 inventione
800 4353 854 4409 l.L
871 4354 897 4425 8,
916 4354 958 4411 10.
