3117 4859
392 307 541 357 wmsnnr
561 306 748 357 murenas
772 305 826 353 eoo.
841 306 896 353 sos.
1161 287 1228 355 436

48 451 185 517 nostrae
212 446 417 518 admonitioni
446 448 558 519 devote
585 448 807 535 obtemperans
832 446 947 531 fueris,
974 450 1008 515 et
1027 446 1227 532 smtentiam,
1281 451 1353 510 1160

48 583 117 649 que
139 564 174 631 in
191 564 363 633 rmdiotum
383 564 614 635 inobedientiae
635 566 793 633 intouma
813 563 873 633 tibi
893 564 1007 648 fuerat,
1028 562 1175 647 religiose
1196 568 1229 631 et

48 680 230 765 prudentor
251 680 449 749 deumrerie.
528 680 577 749 De
599 681 649 748 his
670 702 756 767 rere,
779 682 835 767 qni
854 680 997 768 predicto
1018 677 1227 763 E(rerbardo)

47 816 114 861 sua
134 796 344 883 diripuerunt,
367 797 526 867 iusticiam
540 818 560 867 a
574 798 688 865 domno
704 798 851 886 episeopo
864 800 1019 884 reposcet,
1041 795 1131 863 iuxta
1145 794 1229 880 quod

1242 526 1387 575 Oet-Dea

48 912 160 979 eidem
187 912 314 981 domino
342 918 451 981 nostro
474 915 621 1002 episcopo
645 934 665 981 a
685 914 801 983 domno
823 934 909 1002 papa
928 912 1105 981 iniunctum
1127 917 1176 980 est
1197 917 1230 979 et

47 1028 124 1115 ipse
158 1028 250 1097 nobie
283 1049 317 1097 se
348 1030 506 1099 faotmum
539 1051 596 1118 per
622 1030 745 1099 litteras
772 1050 847 1099 suas
874 1028 1009 1097 fideliter
1035 1028 1227 1116 repromisit

47 1145 102 1213 Tu
124 1150 234 1213 autem
256 1144 405 1215 adversus
428 1148 562 1217 eundem
575 1146 818 1231 E(rerhardum)
840 1146 1052 1233 presbiterum
1069 1145 1109 1212 de
1124 1150 1228 1213 cetero
1290 1118 1297 1131 ⁹

47 1260 174 1329 nullius
205 1260 340 1329 offensae
361 1283 483 1331 memor
505 1264 583 1349 eris,
613 1268 662 1331 set
683 1284 755 1331 oum
778 1283 815 1330 eo
837 1283 944 1331 veram
966 1282 1079 1349 paoem
1101 1267 1134 1329 et
1155 1280 1228 1341 oon-

47 1377 197 1445 eordiam
218 1377 259 1445 de
281 1380 367 1446 omni
390 1384 462 1447 ante
484 1385 555 1447 aeta
576 1379 845 1448 controversiain
866 1378 950 1446 bona
972 1376 1033 1445 fide
1055 1378 1195 1445 habebis.

50 1588 146 1661 306.
165 1593 324 1663 Wdadduo
338 1594 520 1661 Hammon
543 1596 720 1682 episcopum
735 1594 929 1661 M'aodeosem
950 1596 989 1659 dc
1004 1593 1179 1661 Godcbolds'
1200 1605 1229 1659 ct

166 1708 345 1777 Eccrdardi
366 1710 418 1777 tite
442 1711 544 1777 decisa
567 1712 725 1775 certiorem
741 1706 1227 1799 suscepisse.)

142 1840 326 1910 Reverendo
349 1843 434 1929 patri
456 1862 513 1911 suo
535 1848 566 1911 et
580 1842 706 1911 domino
722 1840 897 1925 H(einrioo)
911 1846 1040 1909 sanetae
1054 1840 1228 1910 Mindansis
1282 1854 1353 1909 1150

47 1956 207 2027 sessu
227 1958 400 2027 venerasse
427 1959 575 2047 episeopo
603 1958 701 2027 saer
723 1956 912 2040 women)
937 1956 1001 2025 os
1026 1959 1131 2043 mes
1151 1958 1228 2027 oer-
1243 1927 1388 1988 ⁰⁰2⁴&

46 2074 193 2143 baiensis
215 2072 365 2143 aedesius
382 2095 491 2143 sersus
515 2075 645 2161 exiguas
667 2075 825 2143 orationes
844 2079 877 2142 et
891 2074 1041 2142 devotum
1055 2075 1227 2165 servitium.

143 2189 290 2259 Meminit
310 2192 485 2279 paternitas
500 2196 617 2276 vestra,
640 2191 723 2278 qnod
745 2191 855 2259 literas
875 2190 983 2258 domni
998 2212 1101 2278 papae
1115 2191 1157 2257 sd
1170 2210 1229 2259 nos

47 2307 244 2393 accepimus,
267 2312 303 2375 ut
325 2308 511 2375 canonicum
524 2314 666 2376 vestrum
687 2309 875 2393 magistrum
897 2306 1139 2390 Gtodeboldum)
1161 2312 1228 2375 stu-

46 2425 143 2491 diose
158 2424 504 2509 commonefaceremus,
520 2425 668 2511 quatinus
678 2423 861 2491 Everhardo
876 2423 1051 2510 presbitero
1063 2422 1228 2491 ecclesiam

48 2540 94 2607 de
109 2538 334 2626 Hemmeringe
357 2546 390 2609 et
411 2541 518 2609 omnia
539 2542 570 2609 ei
591 2539 696 2608 ablata
717 2560 776 2627 per
798 2560 834 2607 se
856 2544 889 2606 et
909 2560 968 2627 per
990 2539 1069 2607 ulios
1091 2540 1126 2605 in
1147 2538 1228 2606 inte-

46 2677 149 2743 grum
175 2657 259 2725 inira
279 2657 392 2743 viginti
420 2658 486 2725 dies
514 2660 587 2745 post
615 2660 777 2741 acceptam
805 2655 1063 2723 ammonitionem
1086 2660 1229 2722 nostram

47 2773 185 2841 omnino
198 2774 379 2843 restitueret
393 2777 424 2841 et
439 2773 478 2839 de
493 2777 596 2839 cetero
611 2769 740 2859 pacifice
756 2792 830 2839 eum
842 2770 1005 2859 possidere
1019 2771 1227 2858 permitteret

46 2889 77 2957 F
78 2890 201 2957 ecimus
222 2890 339 2976 itaque,
362 2890 446 2976 quod
467 2889 558 2957 nobis
581 2889 771 2976 imperatum
792 2888 906 2956 fuerat.
937 2886 994 2955 Set
1007 2893 1115 2955 sesua
1131 2885 1229 2954 subli-

46 3007 153 3075 mitas
172 3010 298 3075 nostrae
319 3006 471 3094 parvitati
493 3004 626 3073 sollicite
648 3005 812 3089 iniungere
830 3004 962 3090 mgnum
974 3004 1046 3089 brit,
1068 3010 1105 3071 ut
1118 3023 1228 3071 recon-

46 3122 225 3191 oiiiationis
248 3128 281 3190 et
301 3122 486 3190 concordiae
507 3122 697 3189 mediatores
720 3142 789 3191 esse
810 3131 1034 3207 satageremus,
1060 3120 1120 3187 bac
1141 3120 1228 3189 vido·

46 3240 131 3307 licat
151 3238 288 3323 ratione,
314 3243 350 3305 ut
371 3238 456 3305 idem
477 3238 703 3321 Eberhardus)
726 3240 790 3305 tria
811 3238 932 3307 wenta
952 3257 1155 3305 nummorum
1177 3256 1229 3303 ao-

47 3356 190 3442 ciperet,
225 3360 257 3423 et
285 3354 325 3423 de
354 3354 424 3421 aliis
452 3356 610 3441 personis,
639 3376 660 3421 a
688 3354 802 3441 quibus
829 3376 888 3421 sua
916 3355 1000 3422 bona
1026 3354 1228 3440 conqueritur

49 3472 222 3555 distracta,
251 3469 496 3539 ecelesiasticam
523 3472 553 3537 ei
578 3470 736 3537 iusticiam
764 3491 821 3539 vos
847 3472 1003 3539 taceretis.
1052 3470 1106 3537 Ad
1133 3490 1228 3557 quam

49 3587 266 3657 conditionem
288 3587 501 3675 recipiendum
523 3586 598 3653 licet
618 3587 703 3654 idem
716 3586 944 3671 E(verbardus)
966 3588 1045 3653 satis
1066 3591 1227 3654 cunctare·

49 3710 124 3789 tur,
146 3709 255 3771 nostro
278 3708 386 3771 tamen
408 3702 512 3771 studio
533 3722 592 3791 pro
613 3722 692 3791 pace
714 3702 887 3771 Mmdensis
911 3701 1061 3771 ecelesiae
1083 3702 1227 3769 devotius

50 3821 234 3905 annitente,
261 3820 342 3887 sicut
364 3818 453 3887 vobis
475 3818 652 3907 placuerat,
674 3819 848 3907 perfeetum
871 3825 928 3887 est
973 3818 1067 3903 Nam,
1090 3818 1226 3903 acceptis

49 3937 94 4007 de
116 3956 214 4005 manu
234 3941 345 4005 nostra
365 3935 466 4003 tribus
488 3934 616 4003 talentis
638 3953 848 4019 nummorum,
872 3956 997 4003 omnem
1019 3932 1179 4020 querelam
1195 3936 1227 3999 at

51 4054 223 4139 wdonem,
245 4074 341 4141 quam
363 4052 513 4121 adversus
530 4052 718 4141 magistrum
732 4048 973 4136 G(odeboldnm)
995 4051 1147 4117 haetenus
1169 4048 1225 4115 ba·

50 4170 178 4255 buerat,
201 4176 313 4258 sponte
335 4168 491 4257 deposuit,
514 4173 636 4235 etcum
658 4187 695 4235 eo
716 4168 752 4235 in
773 4188 882 4235 veram
901 4187 1014 4254 pacem
1036 4171 1070 4233 et
1090 4166 1226 4249 gratiam

51 4286 174 4373 absque
201 4286 402 4357 simulatione
433 4290 465 4355 et
491 4284 563 4354 dolo
591 4285 697 4353 rediit
785 4283 943 4369 Rogamus
970 4283 1078 4370 itaque
1099 4280 1225 4349 celsim-

51 4402 162 4470 dinom
184 4408 339 4488 vestram,
368 4422 463 4489 quam
491 4422 566 4471 vera
592 4402 626 4468 in
648 4400 785 4469 Domino
807 4400 938 4468 caritate
959 4399 1133 4487 plurimum
1154 4398 1225 4465 dili-

952 4513 1014 4571 28*
