3117 4859
356 280 421 348 266
687 296 838 345 wresm
857 295 1046 345 semrom
1064 295 1119 343 rsa.
1134 296 1188 344 rar.

359 438 622 510 libertatatem
647 441 786 509 Guideas'
807 441 990 507 cancellarie
1007 441 1123 528 papali
1145 440 1303 506 desolate
1322 440 1379 506 sibi
1398 440 1498 505 bais

465 550 509 615 ad
529 550 708 617 Aesimum
735 552 912 638 episcopm
934 548 1209 636 Hsselberpenssm
1231 548 1364 636 epistolis
1384 549 1500 635 mipts

461 658 582 745 pretias
608 659 681 744 apis.
729 658 928 736 Commendat
953 655 1147 723 Banasam
1174 656 1300 722 boam
1324 654 1502 721 Brm

464 774 494 829 st
514 763 706 831 Harbeisum
722 766 938 853 praepositum
958 766 993 829 s'a
1013 764 1138 829 Italiam
1161 774 1290 829 sumena
1362 760 1502 843 (11113.)

267 906 335 964 1149
441 895 622 965 Reverendo
650 898 734 984 patri
761 917 820 963 suo
848 902 881 963 et
907 897 1033 963 demine
1056 894 1194 963 Guideui
1215 899 1342 963 saneta
1362 894 1504 963 Romame

354 1014 502 1083 ecelesiae
523 1013 676 1081 cardinali
698 1009 856 1098 dimona,
883 1013 1073 1100 apostolieae
1095 1012 1179 1079 sedis
1200 1011 1402 1096 cancellario,
1421 1011 1505 1079 rate

353 1130 541 1214 Wlibaldus)
553 1130 613 1197 Dei
627 1130 731 1214 gratia
744 1130 788 1214 id,
804 1130 889 1215 qued
902 1136 952 1197 est
964 1130 999 1196 in
1013 1129 1165 1198 matesis
1178 1128 1341 1214 catholiea,
1356 1129 1504 1215 seipsum

441 1246 512 1314 Nou
541 1247 580 1314 ab
608 1267 643 1313 re
671 1245 753 1313 hane
779 1241 1026 1333 possessiouem¹
1052 1252 1176 1313 vestrae
1203 1244 1391 1313 sublimitati
1416 1242 1507 1311 elissi-

352 1384 438 1449 mus‚
468 1384 571 1450 quam⁴
591 1364 637 1429 ita
664 1363 846 1430 memoriter
875 1368 907 1430 et
934 1361 1102 1431 affeetuese
1127 1362 1258 1446 mustis,
1285 1367 1336 1447 ut,
1362 1361 1437 1429 lieet
1460 1380 1507 1427 ves

353 1480 438 1549 orbis
466 1485 622 1548 terrarum
648 1498 725 1546 sura
753 1478 901 1547 sollicitet
931 1486 965 1547 st
990 1498 1144 1566 remensa
1172 1478 1323 1546 eeclesiae
1349 1477 1509 1547 catireliw

353 1597 524 1680 detineant,
546 1616 611 1663 uon
632 1600 738 1663 tamen
762 1596 943 1680 exiguitatis
964 1600 1093 1663 nostrae
1114 1595 1185 1661 sitis
1200 1596 1402 1663 inmemores.
1432 1593 1509 1672 Quod

352 1713 446 1783 binae
473 1712 623 1800 epistolae
653 1714 693 1779 ad
722 1713 904 1800 episcopum
924 1706 1127 1781 Anselmum⁸
1154 1711 1285 1779 asebis
1304 1712 1423 1779 missae
1442 1709 1509 1777 sst's

351 1829 582 1917 patefecerim,
616 1830 650 1895 in
684 1829 797 1916 quibus
826 1830 1035 1916 subscriptam
1062 1829 1283 1897 salutationem
1309 1828 1352 1895 sd
1380 1831 1510 1895 nasum

293 2002 297 2022 ,
351 1966 518 2035 personam
547 1946 619 2032 piae
644 1946 870 2013 reeordationis
893 1944 1006 2014 affeetu
1027 1946 1243 2014 subiunxistis
1331 1944 1510 2031 Aeeepimus

350 2062 472 2131 litteras
500 2067 638 2147 saeuas,
669 2082 747 2147 quas
775 2062 868 2130 nabis
893 2083 952 2149 per
978 2082 1113 2149 puerum
1139 2067 1283 2130 nesmum
1309 2054 1510 2129 Lusiovieum‘

350 2179 581 2264 transmisistis,
604 2176 777 2265 plurimum
799 2200 838 2246 ex
861 2180 906 2246 eis
929 2180 1040 2263 gavisi,
1063 2177 1147 2264 quod
1169 2178 1303 2246 domnus
1318 2196 1405 2264 psps
1419 2182 1510 2244 etsss

350 2294 441 2363 nobis
463 2300 614 2382 tanquam
635 2294 720 2363 fideli
743 2316 834 2363 serve
856 2316 913 2363 sue
935 2295 1054 2381 aliquid
1066 2295 1219 2382 inponere
1231 2294 1387 2380 voluistis,
1410 2296 1510 2379 inque

350 2412 490 2479 studium
518 2431 554 2479 aa
583 2412 706 2479 devotio
733 2415 844 2479 nestra
870 2412 955 2479 eirea
974 2410 1135 2479 Rumam
1161 2410 1311 2479 ecelesiae
1336 2411 1511 2497 obsequium

350 2534 511 2616 appareat
601 2527 736 2597 Causam
764 2527 943 2597 Bremeusis
971 2523 1091 2611 eleeti⁵,
1119 2548 1213 2614 quem
1240 2528 1344 2595 eidem
1370 2527 1511 2595 eoeleste

348 2645 521 2732 plurimum
553 2664 646 2732 possa
678 2642 830 2732 proficere
861 2663 927 2711 nou
959 2642 1146 2729 diffidimus,
1180 2648 1305 2713 vestrae
1334 2644 1510 2713 aemam

350 2761 534 2850 suppliciter
571 2761 835 2830 commendamus.
940 2759 1039 2827 Later
1074 2761 1284 2848 presentium,
1320 2754 1510 2848 prepositrs‘

350 2878 556 2965 Harthviaus‚
583 2878 632 2945 vir
654 2877 792 2965 prudens
814 2882 848 2945 et
866 2875 1025 2943 litteratus
1046 2882 1080 2945 et
1100 2878 1135 2943 iu
1155 2883 1243 2945 terra
1263 2898 1322 2945 sua
1343 2878 1511 2945 sublimiter

349 3000 459 3081 uatus,
487 3000 613 3063 nostrae
641 2994 792 3081 parvitati
817 2993 951 3078 bleugo
972 2998 1115 3081 tempore
1135 3000 1229 3063 notus
1251 2999 1285 3061 et
1304 2992 1440 3061 dilectiss
1459 2998 1509 3061 ast

350 3110 450 3191 Quem
472 3111 602 3196 (liguum
623 3111 790 3195 eredimus,
812 3114 850 3176 ut
871 3110 901 3176 ei
916 3109 1053 3194 gratiam
1067 3114 1206 3179 uestram
1221 3130 1295 3178 aum
1308 3109 1511 3179 benivolentia

351 3228 525 3297 exhibeatis
548 3233 580 3295 et
600 3228 635 3295 iu
657 3229 722 3295 suis
744 3225 954 3315 peticionibus
976 3246 1049 3293 eum
1069 3227 1316 3295 misericorditer
1331 3226 1509 3295 exaudistis

354 3440 439 3512 161.
463 3444 621 3510 Ws'baldus
631 3442 824 3509 Hertws'sasm
834 3442 859 3507 I
866 3443 992 3509 electam
1006 3442 1207 3509 Bremessm
1217 3453 1317 3530 repat,
1332 3443 1511 3508 utAdeaess

462 3552 622 3638 capesses
637 3552 776 3617 abbatem
791 3550 1063 3637 Rossaseldemem
1085 3552 1232 3617 restituat.
1266 3550 1366 3616 Addit
1380 3551 1419 3615 de
1433 3549 1511 3615 benit

460 3658 731 3727 Kamisaseaibee
764 3659 862 3747 deque
894 3658 1002 3723 litteris
1040 3658 1085 3723 ad
1121 3658 1350 3723 cancellariam·
1371 3656 1510 3745 papalem

459 3767 566 3830 mess.
1356 3760 1412 3843 (Μ.
1431 3758 1509 3839 res.)

261 3900 330 3957 1149
438 3888 701 3957 Reverentissimo
723 3887 808 3974 patri
831 3908 888 3955 suo
909 3874 942 3955 et
957 3887 1083 3954 domins
1098 3886 1284 3969 Hlartwiee)
1299 3892 1428 3954 sensae
1442 3886 1508 3953 Bre-

349 4006 467 4076 mensis
483 4004 651 4072 aecclesiae
665 4003 838 4072 venerabili
854 4004 1087 4093 archiepiscope
1103 4003 1202 4071 eleeto
1211 3984 1315 4071 ¹'frater
1329 4001 1508 4087 Wfibaldusl

421 4147 445 4201 1.
465 4144 513 4201 SS.
527 4145 642 4201 Gesmae
660 4149 689 4201 et
706 4144 842 4200 Damisni.
902 4145 928 4199 2.
947 4143 1096 4213 suiipsius
1113 4143 1268 4213 (wibaldi).
1323 4146 1351 4200 3.
1369 4144 1507 4201 Hsuelbes·

349 4251 471 4306 gensem.
490 4234 525 4291 V.
538 4250 601 4305 epp.
616 4235 665 4291 121
679 4238 707 4291 et
719 4234 770 4289 122
789 4249 873 4304 supra
889 4248 916 4303 p.
929 4232 988 4287 195.
1004 4233 1064 4288 196.
1118 4230 1145 4288 t
1163 4248 1245 4305 quem
1261 4232 1307 4289 slis
1319 4234 1355 4289 30
1366 4234 1434 4290 Dee.
1446 4232 1507 4288 1148

349 4323 465 4381 Viterbo
488 4322 643 4394 profestum
667 4338 741 4394 esse,
764 4323 847 4380 decet
868 4338 912 4393 sp.
927 4322 979 4377 169
1001 4336 1086 4391 suprs
1107 4336 1135 4393 p.
1152 4322 1215 4379 964.
1291 4323 1317 4379 6.
1341 4321 1470 4379 Hmtwiai
1486 4318 1505 4375 1.

349 4414 376 4470 6.
399 4412 624 4485 Hsmburgensis.
