3117 4859
320 229 387 296 668
656 245 807 294 wmsnm
828 243 1016 294 merom
1035 243 1090 292 saa.
1107 243 1162 291 aas.

322 387 411 460 432.
429 389 587 458 Wt'buldas
609 389 751 456 Mausoli
774 388 968 456 Graecorum
993 390 1176 476 irnperuton'
1203 390 1244 454 dc
1268 389 1384 454 tona
1402 390 1495 454 nido

428 507 549 594 proetus
568 507 640 594 opit.
664 503 821 571 Friden'oi
834 505 857 571 I
869 507 953 592 repis
966 505 1082 593 lepotoe
1098 505 1302 570 commundat
1339 501 1399 584 (m
1411 505 1496 582 408)

233 652 303 707 1154
408 637 520 706 inolito
543 637 768 726 triumphatori
790 643 823 706 et
843 637 980 722 glorioso
1002 637 1130 705 domino
1152 657 1209 704 suo
1230 635 1393 722 Manueli,
1418 636 1499 704 fideli

320 756 355 822 in
377 755 502 823 Christo
525 756 609 840 regi,
632 754 911 842 Porphirogenito,
935 753 1078 838 sublimi,
1101 754 1192 839 forti,
1215 753 1343 822 excelso
1368 760 1498 838 augusto

321 877 353 940 ot
374 872 548 958 inperatori
570 869 719 955 Romeon,
744 891 762 937 o
784 869 983 956 claumos,
1006 869 1170 939 Wiboldus
1189 870 1251 938 Dei
1273 871 1385 954 gratis
1405 870 1498 938 abta

320 987 546 1056 venerabilium
560 987 836 1071 monasteriorum,
851 987 973 1054 soilicot
982 987 1135 1056 (lorbeiae
1150 993 1182 1054 ot
1193 987 1381 1073 Stabulaus,
1395 987 1499 1056 fideles

320 1105 478 1173 orationes
501 1108 534 1171 et
555 1104 703 1171 devotum
726 1103 901 1171 servitium

412 1220 609 1288 Sanctissimi
629 1221 746 1308 inperii
766 1220 866 1287 rostri
888 1215 1029 1305 ailatus',
1052 1240 1132 1306 quos
1153 1241 1211 1308 per
1231 1219 1499 1307 prudentissimos

321 1338 542 1426 apocrisiarios
565 1341 686 1405 vestros
708 1341 816 1404 rostra
841 1337 933 1404 nobis
956 1337 1108 1404 celsitudo
1129 1337 1348 1405 transmittere
1371 1338 1498 1423 dignam

321 1460 379 1539 est,
403 1455 494 1540 quasi
516 1453 673 1540 quoddam
695 1473 811 1520 munus
833 1453 949 1520 celeste
971 1453 1176 1542 suscepimus.
1212 1452 1257 1520 Et
1276 1459 1346 1520 tam
1370 1475 1432 1542 pro
1453 1457 1498 1522 in·

321 1569 502 1638 columitate
524 1569 681 1655 gloriosae
696 1589 852 1658 personae
865 1576 990 1638 vestrae
1005 1591 1102 1658 quam
1115 1591 1175 1658 pro
1188 1570 1290 1638 tocius
1306 1573 1498 1639 sanctissimi

322 1687 438 1774 inperii
453 1686 551 1754 vestri
573 1707 725 1776 prospero
748 1692 834 1753 statu
856 1691 889 1754 et
908 1687 1094 1754 fortitudine
1108 1685 1242 1754 humiles
1256 1707 1371 1776 preoes
1386 1689 1428 1755 ad
1442 1689 1497 1756 Du?

322 1803 521 1871 clementiam
544 1823 616 1870 oum
639 1805 817 1889 aggregatis
839 1801 1017 1882 inchristo
1038 1803 1203 1872 nobiscum
1223 1804 1381 1872 fratribus
1404 1804 1497 1872 effla

321 1919 395 1987 dero
418 1941 481 1988 non
504 1941 673 1989 cessamus.
740 1919 840 1988 Porro
864 1921 902 1988 do
925 1921 1070 1988 amicicia
1091 1925 1124 1988 et
1144 1919 1207 1988 lide
1227 1922 1312 1989 iuter
1335 1922 1497 1990 dominum

320 2055 427 2102 meum
464 2037 754 2123 prenobilissimum
790 2035 1000 2105 Fritherioum
1031 2037 1247 2105 Romanorum
1282 2039 1498 2126 inperatorcn

321 2157 489 2236 augustum
517 2157 549 2220 et
577 2158 722 2221 sanctum
747 2153 906 2242 inperium
928 2159 1069 2222 vestrum
1088 2153 1246 2222 firmanda
1267 2176 1327 2243 pro
1348 2156 1498 2223 monitate

321 2273 431 2336 nostra
452 2269 636 2355 diligentem
658 2290 789 2358 operam
809 2271 1039 2358 impendimus3
1062 2276 1104 2356 et,
1125 2277 1163 2338 ut
1177 2273 1352 2340 secundum
1374 2271 1497 2340 datam'

323 2385 428 2453 aDeo
452 2387 641 2474 sapientiam
663 2386 819 2454 voluntati
841 2387 1038 2456 dilectissimi
1059 2389 1167 2456 framis
1190 2389 1298 2473 vestri,
1321 2409 1421 2476 quam
1443 2410 1496 2476 per

320 2501 441 2587 legatos
464 2523 537 2570 suos
560 2504 719 2572 maiestati
735 2510 859 2572 vestrae
880 2505 1031 2591 insinuat,
1053 2525 1217 2573 assensum
1232 2506 1408 2594 prebeatis,
1431 2505 1496 2593 plu-

321 2619 438 2686 simum
467 2621 691 2688 desideramus.
737 2619 806 2688 Rex
832 2641 943 2706 regum
968 2627 1001 2688 ot
1029 2621 1174 2690 dominus
1203 2622 1439 2689 dominantium
1460 2622 1498 2688 ad

321 2734 473 2804 honorem
496 2742 528 2805 et
549 2737 683 2822 gloriam
706 2758 798 2805 suam
810 2738 911 2804 vitam
925 2741 1064 2805 uestram
1087 2745 1121 2807 et
1142 2739 1281 2825 quietem
1299 2739 1342 2807 ab
1356 2739 1497 2807 hostibus

321 2870 508 2922 conservare
530 2855 565 2922 in
586 2853 682 2939 longa
704 2859 850 2943 tempora
871 2855 1027 2939 dignetur.

322 3065 411 3138 433.
431 3068 589 3136 Widaldos
616 3071 782 3136 Anastasio
804 3068 858 3136 IV
875 3093 1000 3158 popae,
1028 3072 1226 3158 petitionibus
1253 3073 1317 3137 auio
1348 3073 1496 3154 obsecuta

429 3188 550 3273 pretias
564 3187 637 3273 opit.
676 3184 882 3268 Hesa'dertum,
907 3185 1183 3274 Fn'den'cilrepio
1201 3189 1410 3275 capellanum,
1434 3190 1498 3256 Ro·

358 3389 362 3397 ¹
432 3323 516 3367 mom
538 3313 658 3368 euntem
680 3303 881 3368 commundat.
1332 3301 1390 3384 (ll
1408 3303 1497 3384 409.)

411 3433 593 3502 Reverendo
622 3435 656 3501 iu
679 3434 805 3503 Christo
832 3436 997 3523 patrisne
1020 3440 1052 3504 et
1073 3437 1200 3504 domino
1222 3435 1422 3521 A(nastesio)
1445 3439 1499 3504 uni

155 3536 168 3570 ⁶
295 3535 355 3619 r'et
376 3550 548 3618 uniuersali
569 3572 672 3640 papae
693 3552 792 3620 trater
805 3549 995 3635 W(ibaldns)
1012 3552 1072 3621 Dei
1093 3555 1198 3638 gratia
1218 3553 1263 3638 id,
1285 3554 1372 3640 quod
1393 3560 1447 3622 est
1466 3557 1498 3622 in

323 3668 475 3736 eccclesia
502 3668 668 3754 catholica,
702 3668 851 3736 dovotum
878 3669 1044 3736 servitium
1073 3674 1105 3738 et
1132 3670 1272 3739 debitam
1298 3671 1333 3738 in
1360 3670 1498 3738 Domino

322 3786 541 3854 obedientiam.

412 3901 576 3990 Supplices
605 3905 698 3987 atquo
728 3901 857 3968 devotas
882 3901 1058 3985 gratiarum
1080 3903 1218 3970 actiones
1241 3903 1425 3974 celsitudini
1446 3927 1496 3974 re·

323 4024 408 4086 strae
429 4018 605 4102 referimus,
629 4017 712 4103 quod
727 4037 851 4105 semper
865 4018 1065 4105 provectibus
1080 4023 1113 4086 et
1124 4021 1366 4090 necessitatibus
1379 4025 1495 4091 nostris

323 4135 494 4204 clementer
512 4134 704 4219 intendistis,
728 4155 767 4200 ex
783 4154 844 4221 quo
858 4135 998 4223 primum
1012 4136 1187 4220 dignationi
1202 4143 1325 4207 vestroe
1339 4139 1495 4208 notificari

395 4291 416 4325 s.
435 4281 470 4326 rio
485 4279 536 4325 cod.
551 4295 594 4338 pro
609 4279 634 4324 to
651 4276 767 4325 Gemino.
828 4277 852 4325 b.
867 4277 933 4327 rubia
949 4279 1063 4326 addim
1077 4279 1171 4326 videtur.

395 4365 420 4420 1.
439 4379 483 4436 ep.
495 4364 549 4420 424
566 4377 651 4435 supra
667 4378 695 4434 p.
705 4363 767 4420 561.
