<?xml version="1.0" encoding="UTF-8"?>
<!DOCTYPE html PUBLIC "-//W3C//DTD XHTML 1.0 Transitional//EN"
    "http://www.w3.org/TR/xhtml1/DTD/xhtml1-transitional.dtd">
<html xmlns="http://www.w3.org/1999/xhtml" xml:lang="en" lang="en">
 <head>
  <title>
</title>
<meta http-equiv="Content-Type" content="text/html;charset=utf-8" />
  <meta name='ocr-system' content='tesseract 3.04.00' />
  <meta name='ocr-capabilities' content='ocr_page ocr_carea ocr_par ocr_line ocrx_word'/>
</head>
<body>
  <div class='ocr_page' id='page_1' title='image "./bibliothecareru05jaffgoog_0107.png"; bbox 0 0 3117 4859; ppageno 0'>
   <div class='ocr_carea' id='block_1_1' title="bbox 435 263 1255 331">
    <p class='ocr_par' dir='ltr' id='par_1_1' title="bbox 435 263 1255 331">
     <span class='ocr_line' id='line_1_1' title="bbox 435 263 1255 331; baseline 0 -1"><span class='ocrx_word' id='word_1_1' title='bbox 435 282 587 331; x_wconf 76' lang='lat' dir='ltr'>nmium</span> <span class='ocrx_word' id='word_1_2' title='bbox 606 281 793 331; x_wconf 80' lang='lat' dir='ltr'>nemronsn</span> <span class='ocrx_word' id='word_1_3' title='bbox 814 281 852 328; x_wconf 82' lang='lat' dir='ltr'>rs.</span> <span class='ocrx_word' id='word_1_4' title='bbox 868 281 907 328; x_wconf 84' lang='lat' dir='ltr'>rs.</span> <span class='ocrx_word' id='word_1_5' title='bbox 1213 263 1255 330; x_wconf 80' lang='grc'>97</span> 
     </span>
    </p>
   </div>
   <div class='ocr_carea' id='block_1_2' title="bbox 3 402 1426 1328">
    <p class='ocr_par' dir='ltr' id='par_1_2' title="bbox 3 402 1380 509">
     <span class='ocr_line' id='line_1_2' title="bbox 3 402 1380 509; baseline 0 -19"><span class='ocrx_word' id='word_1_6' title='bbox 3 402 4 433; x_wconf 38' lang='lat' dir='ltr'>l</span> <span class='ocrx_word' id='word_1_7' title='bbox 85 439 284 490; x_wconf 68' lang='lat' dir='ltr'>murnum</span> <span class='ocrx_word' id='word_1_8' title='bbox 316 427 461 490; x_wconf 88' lang='lat' dir='ltr'>nostrum</span> <span class='ocrx_word' id='word_1_9' title='bbox 496 423 647 490; x_wconf 91' lang='lat' dir='ltr'>domnum</span> <span class='ocrx_word' id='word_1_10' title='bbox 676 423 829 490; x_wconf 79' lang='lat' dir='ltr'>damnum</span> <span class='ocrx_word' id='word_1_11' title='bbox 858 420 1030 504; x_wconf 85' lang='lat' dir='ltr'>0(ttonem)</span> <span class='ocrx_word' id='word_1_12' title='bbox 1059 427 1091 489; x_wconf 89' lang='lat' dir='ltr'>et</span> <span class='ocrx_word' id='word_1_13' title='bbox 1117 421 1256 509; x_wconf 86' lang='lat' dir='ltr'>reliquos</span> <span class='ocrx_word' id='word_1_14' title='bbox 1309 425 1380 482; x_wconf 80' lang='grc'>1137</span> 
     </span>
    </p>

    <p class='ocr_par' dir='ltr' id='par_1_3' title="bbox 3 499 1426 626">
     <span class='ocr_line' id='line_1_3' title="bbox 85 499 1426 626; baseline -0.004 -15.288"><span class='ocrx_word' id='word_1_15' title='bbox 85 538 197 606; x_wconf 86' lang='lat' dir='ltr'>iratres</span> <span class='ocrx_word' id='word_1_16' title='bbox 220 544 346 606; x_wconf 90' lang='lat' dir='ltr'>nostros</span> <span class='ocrx_word' id='word_1_17' title='bbox 369 546 402 606; x_wconf 88' lang='lat' dir='ltr'>et</span> <span class='ocrx_word' id='word_1_18' title='bbox 422 540 566 607; x_wconf 88' lang='lat' dir='ltr'>homines</span> <span class='ocrx_word' id='word_1_19' title='bbox 589 539 628 606; x_wconf 91' lang='lat' dir='ltr'>de</span> <span class='ocrx_word' id='word_1_20' title='bbox 651 539 766 606; x_wconf 79' lang='lat' dir='ltr'>Sancto</span> <span class='ocrx_word' id='word_1_21' title='bbox 790 539 894 624; x_wconf 90' lang='lat' dir='ltr'>Petro,</span> <span class='ocrx_word' id='word_1_22' title='bbox 918 539 972 626; x_wconf 89' lang='lat' dir='ltr'>qni</span> <span class='ocrx_word' id='word_1_23' title='bbox 994 537 1128 606; x_wconf 91' lang='lat' dir='ltr'>fideliter</span> <span class='ocrx_word' id='word_1_24' title='bbox 1150 541 1256 607; x_wconf 90' lang='lat' dir='ltr'>nobis·</span> <span class='ocrx_word' id='word_1_25' title='bbox 1269 499 1426 560; x_wconf 54' lang='lat' dir='ltr'>”mn</span> 
     </span>
    </p>

    <p class='ocr_par' dir='ltr' id='par_1_4' title="bbox 3 640 1257 749">
     <span class='ocr_line' id='line_1_4' title="bbox 84 653 1257 744; baseline 0.002 -21.871"><span class='ocrx_word' id='word_1_26' title='bbox 84 675 155 722; x_wconf 85' lang='lat' dir='ltr'>aum</span> <span class='ocrx_word' id='word_1_27' title='bbox 183 656 220 722; x_wconf 92' lang='lat' dir='ltr'>in</span> <span class='ocrx_word' id='word_1_28' title='bbox 245 656 449 724; x_wconf 72' lang='lat' dir='ltr'><strong>tribulatione</strong></span> <span class='ocrx_word' id='word_1_29' title='bbox 474 663 585 724; x_wconf 89' lang='lat' dir='ltr'>nostra</span> <span class='ocrx_word' id='word_1_30' title='bbox 606 662 897 744; x_wconf 87' lang='lat' dir='ltr'>perseveraverunt.</span> <span class='ocrx_word' id='word_1_31' title='bbox 944 653 1144 723; x_wconf 87' lang='lat' dir='ltr'>Remittimus</span> <span class='ocrx_word' id='word_1_32' title='bbox 1166 657 1257 725; x_wconf 86' lang='lat' dir='ltr'>vobis</span> 
     </span>
    </p>

    <p class='ocr_par' dir='ltr' id='par_1_5' title="bbox 3 771 1258 976">
     <span class='ocr_line' id='line_1_5' title="bbox 3 771 1258 861; baseline 0.002 -23"><span class='ocrx_word' id='word_1_33' title='bbox 3 816 4 819; x_wconf 54' lang='lat'><em>=</em></span> <span class='ocrx_word' id='word_1_34' title='bbox 85 771 216 840; x_wconf 84' lang='lat' dir='ltr'>anulum</span> <span class='ocrx_word' id='word_1_35' title='bbox 241 794 340 840; x_wconf 80' lang='lat' dir='ltr'>mum</span> <span class='ocrx_word' id='word_1_36' title='bbox 362 777 394 840; x_wconf 86' lang='lat' dir='ltr'>et</span> <span class='ocrx_word' id='word_1_37' title='bbox 415 773 555 858; x_wconf 77' lang='lat' dir='ltr'>sigillum</span> <span class='ocrx_word' id='word_1_38' title='bbox 578 773 737 859; x_wconf 86' lang='lat' dir='ltr'>quondam</span> <span class='ocrx_word' id='word_1_39' title='bbox 758 777 920 858; x_wconf 90' lang='lat' dir='ltr'>nostrum,</span> <span class='ocrx_word' id='word_1_40' title='bbox 947 793 1005 860; x_wconf 90' lang='lat' dir='ltr'>per</span> <span class='ocrx_word' id='word_1_41' title='bbox 1028 793 1109 860; x_wconf 87' lang='lat' dir='ltr'>qnae</span> <span class='ocrx_word' id='word_1_42' title='bbox 1130 773 1258 861; x_wconf 77' lang='lat' dir='ltr'><strong>plenam</strong></span> 
     </span>
     <span class='ocr_line' id='line_1_6' title="bbox 83 889 1258 976; baseline 0.001 -21"><span class='ocrx_word' id='word_1_43' title='bbox 83 889 308 958; x_wconf 78' lang='lat' dir='ltr'><strong>refutationem</strong></span> <span class='ocrx_word' id='word_1_44' title='bbox 335 890 374 957; x_wconf 88' lang='lat' dir='ltr'>de</span> <span class='ocrx_word' id='word_1_45' title='bbox 402 890 530 958; x_wconf 75' lang='lat' dir='ltr'>abbatia</span> <span class='ocrx_word' id='word_1_46' title='bbox 558 889 724 957; x_wconf 75' lang='lat' dir='ltr'>(lesinensi</span> <span class='ocrx_word' id='word_1_47' title='bbox 750 889 918 975; x_wconf 75' lang='lat' dir='ltr'>facientes,</span> <span class='ocrx_word' id='word_1_48' title='bbox 949 910 1123 976; x_wconf 87' lang='lat' dir='ltr'>numquam</span> <span class='ocrx_word' id='word_1_49' title='bbox 1151 895 1258 957; x_wconf 90' lang='lat' dir='ltr'>tamen</span> 
     </span>
    </p>

    <p class='ocr_par' dir='ltr' id='par_1_6' title="bbox 3 1005 1260 1328">
     <span class='ocr_line' id='line_1_7' title="bbox 3 1005 1257 1081; baseline -0.002 -7"><span class='ocrx_word' id='word_1_50' title='bbox 3 1036 5 1081; x_wconf 65' lang='lat' dir='ltr'>o</span> <span class='ocrx_word' id='word_1_51' title='bbox 85 1006 252 1074; x_wconf 84' lang='lat' dir='ltr'>eonsilium</span> <span class='ocrx_word' id='word_1_52' title='bbox 286 1012 320 1074; x_wconf 88' lang='lat' dir='ltr'>et</span> <span class='ocrx_word' id='word_1_53' title='bbox 352 1006 506 1074; x_wconf 82' lang='lat' dir='ltr'>auxilium</span> <span class='ocrx_word' id='word_1_54' title='bbox 539 1012 683 1075; x_wconf 90' lang='lat' dir='ltr'>nostrum</span> <span class='ocrx_word' id='word_1_55' title='bbox 717 1007 820 1076; x_wconf 91' lang='lat' dir='ltr'>eidem</span> <span class='ocrx_word' id='word_1_56' title='bbox 849 1005 999 1074; x_wconf 80' lang='lat' dir='ltr'>ecelesiae</span> <span class='ocrx_word' id='word_1_57' title='bbox 1027 1006 1257 1075; x_wconf 90' lang='lat' dir='ltr'>subtrahemus.</span> 
     </span>
     <span class='ocr_line' id='line_1_8' title="bbox 84 1121 1260 1212; baseline 0.001 -23"><span class='ocrx_word' id='word_1_58' title='bbox 84 1121 213 1208; x_wconf 80' lang='lat' dir='ltr'>Valete,</span> <span class='ocrx_word' id='word_1_59' title='bbox 241 1128 275 1190; x_wconf 89' lang='lat' dir='ltr'>et</span> <span class='ocrx_word' id='word_1_60' title='bbox 301 1125 449 1190; x_wconf 90' lang='lat' dir='ltr'>nuntium</span> <span class='ocrx_word' id='word_1_61' title='bbox 478 1129 623 1191; x_wconf 90' lang='lat' dir='ltr'>nostrum</span> <span class='ocrx_word' id='word_1_62' title='bbox 651 1144 709 1211; x_wconf 91' lang='lat' dir='ltr'>per</span> <span class='ocrx_word' id='word_1_63' title='bbox 736 1143 792 1190; x_wconf 80' lang='lat' dir='ltr'>nos</span> <span class='ocrx_word' id='word_1_64' title='bbox 822 1127 1037 1191; x_wconf 81' lang='lat' dir='ltr'>transeuntem</span> <span class='ocrx_word' id='word_1_65' title='bbox 1065 1145 1123 1212; x_wconf 90' lang='lat' dir='ltr'>pro</span> <span class='ocrx_word' id='word_1_66' title='bbox 1150 1130 1260 1191; x_wconf 88' lang='lat' dir='ltr'>nostra</span> 
     </span>
     <span class='ocr_line' id='line_1_9' title="bbox 85 1239 1259 1328; baseline 0.002 -22"><span class='ocrx_word' id='word_1_67' title='bbox 85 1241 219 1306; x_wconf 75' lang='lat' dir='ltr'>caritate</span> <span class='ocrx_word' id='word_1_68' title='bbox 244 1239 325 1307; x_wconf 89' lang='lat' dir='ltr'>bene</span> <span class='ocrx_word' id='word_1_69' title='bbox 352 1241 499 1308; x_wconf 90' lang='lat' dir='ltr'>habetote</span> <span class='ocrx_word' id='word_1_70' title='bbox 532 1247 579 1326; x_wconf 87' lang='lat' dir='ltr'>et,</span> <span class='ocrx_word' id='word_1_71' title='bbox 609 1241 637 1308; x_wconf 94' lang='lat' dir='ltr'>si</span> <span class='ocrx_word' id='word_1_72' title='bbox 665 1261 806 1328; x_wconf 85' lang='lat' dir='ltr'>parvos</span> <span class='ocrx_word' id='word_1_73' title='bbox 834 1241 982 1327; x_wconf 89' lang='lat' dir='ltr'>redierit,</span> <span class='ocrx_word' id='word_1_74' title='bbox 1011 1241 1126 1310; x_wconf 86' lang='lat' dir='ltr'>litteris</span> <span class='ocrx_word' id='word_1_75' title='bbox 1153 1263 1259 1308; x_wconf 86' lang='lat' dir='ltr'>rernm</span> 
     </span>
    </p>
   </div>
   <div class='ocr_carea' id='block_1_3' title="bbox 84 1355 724 1443">
    <p class='ocr_par' dir='ltr' id='par_1_7' title="bbox 84 1355 724 1443">
     <span class='ocr_line' id='line_1_10' title="bbox 84 1355 724 1443; baseline 0.002 -20"><span class='ocrx_word' id='word_1_76' title='bbox 84 1362 266 1424; x_wconf 83' lang='lat' dir='ltr'>vestrarum</span> <span class='ocrx_word' id='word_1_77' title='bbox 286 1363 406 1426; x_wconf 90' lang='lat' dir='ltr'>statum</span> <span class='ocrx_word' id='word_1_78' title='bbox 427 1358 518 1426; x_wconf 90' lang='lat' dir='ltr'>nobis</span> <span class='ocrx_word' id='word_1_79' title='bbox 540 1355 724 1443; x_wconf 74' lang='lat' dir='ltr'>significate.</span> 
     </span>
    </p>
   </div>
   <div class='ocr_carea' id='block_1_4' title="bbox 3 1596 1431 4155">
    <p class='ocr_par' dir='ltr' id='par_1_8' title="bbox 89 1596 1384 2051">
     <span class='ocr_line' id='line_1_11' title="bbox 89 1596 1261 1689; baseline 0.001 -22"><span class='ocrx_word' id='word_1_80' title='bbox 89 1596 151 1669; x_wconf 89' lang='grc'>16.</span> <span class='ocrx_word' id='word_1_81' title='bbox 175 1599 335 1666; x_wconf 80' lang='lat' dir='ltr'>Wibaldaa</span> <span class='ocrx_word' id='word_1_82' title='bbox 351 1599 492 1668; x_wconf 77' lang='lat' dir='ltr'>Ottoaem</span> <span class='ocrx_word' id='word_1_83' title='bbox 515 1603 666 1668; x_wconf 77' lang='lat' dir='ltr'>decanam</span> <span class='ocrx_word' id='word_1_84' title='bbox 684 1603 879 1667; x_wconf 81' lang='lat' dir='ltr'>Cosineoeem</span> <span class='ocrx_word' id='word_1_85' title='bbox 901 1611 1074 1689; x_wconf 76' lang='lat' dir='ltr'>ceterosque</span> <span class='ocrx_word' id='word_1_86' title='bbox 1095 1601 1261 1668; x_wconf 78' lang='lat' dir='ltr'>monachos</span> 
     </span>
     <span class='ocr_line' id='line_1_12' title="bbox 172 1718 1262 1806; baseline 0.002 -24"><span class='ocrx_word' id='word_1_87' title='bbox 172 1718 331 1804; x_wconf 72' lang='lat' dir='ltr'>promim</span> <span class='ocrx_word' id='word_1_88' title='bbox 344 1719 403 1783; x_wconf 80' lang='lat' dir='ltr'>aidi</span> <span class='ocrx_word' id='word_1_89' title='bbox 417 1719 590 1784; x_wconf 77' lang='lat' dir='ltr'>odedientia</span> <span class='ocrx_word' id='word_1_90' title='bbox 603 1719 722 1784; x_wconf 70' lang='lat' dir='ltr'>libarat⁸</span> <span class='ocrx_word' id='word_1_91' title='bbox 748 1718 848 1784; x_wconf 75' lang='lat' dir='ltr'>Addit</span> <span class='ocrx_word' id='word_1_92' title='bbox 862 1718 900 1783; x_wconf 79' lang='lat' dir='ltr'>de</span> <span class='ocrx_word' id='word_1_93' title='bbox 915 1718 1069 1782; x_wconf 75' lang='lat' dir='ltr'>nonnullis</span> <span class='ocrx_word' id='word_1_94' title='bbox 1078 1719 1262 1806; x_wconf 73' lang='lat' dir='ltr'>pipaers&#39;das</span> 
     </span>
     <span class='ocr_line' id='line_1_13' title="bbox 179 1831 1262 1924; baseline 0 -25"><span class='ocrx_word' id='word_1_95' title='bbox 179 1834 260 1899; x_wconf 70' lang='lat' dir='ltr'>datio</span> <span class='ocrx_word' id='word_1_96' title='bbox 282 1846 312 1898; x_wconf 78' lang='lat' dir='ltr'>et</span> <span class='ocrx_word' id='word_1_97' title='bbox 331 1835 431 1923; x_wconf 72' lang='lat' dir='ltr'>sipillo</span> <span class='ocrx_word' id='word_1_98' title='bbox 454 1835 608 1923; x_wconf 74' lang='lat' dir='ltr'>surdoque</span> <span class='ocrx_word' id='word_1_99' title='bbox 629 1833 797 1924; x_wconf 73' lang='lat' dir='ltr'>Rapouldo</span> <span class='ocrx_word' id='word_1_100' title='bbox 821 1835 925 1900; x_wconf 81' lang='lat' dir='ltr'>abbati</span> <span class='ocrx_word' id='word_1_101' title='bbox 946 1836 1106 1899; x_wconf 63' lang='lat' dir='ltr'>ranbsis&#39;.</span> <span class='ocrx_word' id='word_1_102' title='bbox 1145 1831 1199 1916; x_wconf 78' lang='lat' dir='ltr'>(M.</span> <span class='ocrx_word' id='word_1_103' title='bbox 1215 1833 1262 1917; x_wconf 83' lang='lat'>5.)</span> 
     </span>
     <span class='ocr_line' id='line_1_14' title="bbox 179 1965 1384 2051; baseline 0 -17"><span class='ocrx_word' id='word_1_104' title='bbox 179 1965 292 2034; x_wconf 83' lang='lat' dir='ltr'>Frater</span> <span class='ocrx_word' id='word_1_105' title='bbox 321 1965 496 2036; x_wconf 87' lang='lat' dir='ltr'>Guibaldus</span> <span class='ocrx_word' id='word_1_106' title='bbox 523 1967 586 2034; x_wconf 90' lang='lat' dir='ltr'>Dei</span> <span class='ocrx_word' id='word_1_107' title='bbox 617 1968 721 2051; x_wconf 82' lang='lat' dir='ltr'>gratia</span> <span class='ocrx_word' id='word_1_108' title='bbox 749 1965 946 2034; x_wconf 88' lang='lat' dir='ltr'>Stabnlensis</span> <span class='ocrx_word' id='word_1_109' title='bbox 975 1965 1124 2034; x_wconf 77' lang='lat' dir='ltr'>eeclesiae</span> <span class='ocrx_word' id='word_1_110' title='bbox 1152 1987 1261 2036; x_wconf 82' lang='lat' dir='ltr'>servus</span> <span class='ocrx_word' id='word_1_111' title='bbox 1315 1979 1384 2034; x_wconf 74' lang='lat'><strong>1137</strong></span> 
     </span>
    </p>

    <p class='ocr_par' dir='ltr' id='par_1_9' title="bbox 88 2052 1431 2166">
     <span class='ocr_line' id='line_1_15' title="bbox 88 2052 1431 2166; baseline 0 -16"><span class='ocrx_word' id='word_1_112' title='bbox 88 2083 544 2152; x_wconf 61' lang='lat' dir='ltr'>mansuetissimos</span> <span class='ocrx_word' id='word_1_113' title='bbox 567 2103 624 2150; x_wconf 91' lang='lat' dir='ltr'>suo</span> <span class='ocrx_word' id='word_1_114' title='bbox 645 2081 778 2166; x_wconf 74' lang='lat' dir='ltr'>0(ttoni)</span> <span class='ocrx_word' id='word_1_115' title='bbox 801 2081 965 2152; x_wconf 88' lang='lat' dir='ltr'>Casinensi</span> <span class='ocrx_word' id='word_1_116' title='bbox 987 2084 1104 2152; x_wconf 89' lang='lat' dir='ltr'>deoano</span> <span class='ocrx_word' id='word_1_117' title='bbox 1127 2083 1262 2152; x_wconf 91' lang='lat' dir='ltr'>salutem</span> <span class='ocrx_word' id='word_1_118' title='bbox 1275 2052 1431 2114; x_wconf 56' lang='lat' dir='ltr'>¹³⁰⁸²N⁰l¹⁴</span> 
     </span>
    </p>

    <p class='ocr_par' dir='ltr' id='par_1_10' title="bbox 92 2199 406 2268">
     <span class='ocr_line' id='line_1_16' title="bbox 92 2199 406 2268; baseline 0.006 -2"><span class='ocrx_word' id='word_1_119' title='bbox 92 2205 124 2266; x_wconf 91' lang='lat' dir='ltr'>et</span> <span class='ocrx_word' id='word_1_120' title='bbox 143 2199 406 2268; x_wconf 75' lang='lat' dir='ltr'>benedictionem.</span> 
     </span>
    </p>

    <p class='ocr_par' dir='ltr' id='par_1_11' title="bbox 3 2315 1263 2411">
     <span class='ocr_line' id='line_1_17' title="bbox 3 2315 1263 2411; baseline 0.001 -28"><span class='ocrx_word' id='word_1_121' title='bbox 3 2394 5 2411; x_wconf 55' lang='lat'>,</span> <span class='ocrx_word' id='word_1_122' title='bbox 181 2315 342 2394; x_wconf 83' lang='lat' dir='ltr'>Quantum</span> <span class='ocrx_word' id='word_1_123' title='bbox 356 2318 469 2384; x_wconf 82' lang='lat' dir='ltr'>vestris</span> <span class='ocrx_word' id='word_1_124' title='bbox 493 2315 726 2383; x_wconf 88' lang='lat' dir='ltr'>oalamitatibus</span> <span class='ocrx_word' id='word_1_125' title='bbox 749 2335 957 2401; x_wconf 85' lang='lat' dir='ltr'>eommovear,</span> <span class='ocrx_word' id='word_1_126' title='bbox 982 2322 1134 2403; x_wconf 88' lang='lat' dir='ltr'>quantum</span> <span class='ocrx_word' id='word_1_127' title='bbox 1149 2319 1263 2386; x_wconf 86' lang='lat' dir='ltr'>vestris</span> 
     </span>
    </p>

    <p class='ocr_par' dir='ltr' id='par_1_12' title="bbox 2 2418 1264 2521">
     <span class='ocr_line' id='line_1_18' title="bbox 89 2432 1264 2521; baseline 0.002 -22.862"><span class='ocrx_word' id='word_1_128' title='bbox 89 2433 311 2501; x_wconf 83' lang='lat' dir='ltr'>vexationibus</span> <span class='ocrx_word' id='word_1_129' title='bbox 342 2434 531 2521; x_wconf 75' lang='lat' dir='ltr'>compatiar,</span> <span class='ocrx_word' id='word_1_130' title='bbox 561 2433 650 2500; x_wconf 84' lang='lat' dir='ltr'>novit</span> <span class='ocrx_word' id='word_1_131' title='bbox 678 2432 839 2520; x_wconf 83' lang='lat' dir='ltr'>inspeetor</span> <span class='ocrx_word' id='word_1_132' title='bbox 867 2433 1009 2500; x_wconf 79' lang='lat' dir='ltr'>cordium</span> <span class='ocrx_word' id='word_1_133' title='bbox 1031 2433 1127 2500; x_wconf 90' lang='lat' dir='ltr'>Deus.</span> <span class='ocrx_word' id='word_1_134' title='bbox 1174 2433 1264 2502; x_wconf 89' lang='lat' dir='ltr'>Lioet</span> 
     </span>
    </p>

    <p class='ocr_par' dir='ltr' id='par_1_13' title="bbox 3 2549 1263 2636">
     <span class='ocr_line' id='line_1_19' title="bbox 3 2549 1263 2636; baseline 0.002 -21"><span class='ocrx_word' id='word_1_135' title='bbox 3 2562 5 2569; x_wconf 81' lang='grc'><em>’</em></span> <span class='ocrx_word' id='word_1_136' title='bbox 91 2549 177 2615; x_wconf 90' lang='lat' dir='ltr'>enim</span> <span class='ocrx_word' id='word_1_137' title='bbox 198 2550 409 2636; x_wconf 83' lang='lat' dir='ltr'>personaliter</span> <span class='ocrx_word' id='word_1_138' title='bbox 429 2549 519 2618; x_wconf 86' lang='lat' dir='ltr'>vobis</span> <span class='ocrx_word' id='word_1_139' title='bbox 541 2569 600 2616; x_wconf 85' lang='lat' dir='ltr'>neo</span> <span class='ocrx_word' id='word_1_140' title='bbox 622 2550 732 2616; x_wconf 88' lang='lat' dir='ltr'>adesse</span> <span class='ocrx_word' id='word_1_141' title='bbox 753 2569 812 2616; x_wconf 88' lang='lat' dir='ltr'>neo</span> <span class='ocrx_word' id='word_1_142' title='bbox 833 2569 980 2636; x_wconf 88' lang='lat' dir='ltr'>praeesse</span> <span class='ocrx_word' id='word_1_143' title='bbox 1001 2549 1172 2635; x_wconf 84' lang='lat' dir='ltr'>valeamus,</span> <span class='ocrx_word' id='word_1_144' title='bbox 1199 2569 1263 2618; x_wconf 93' lang='lat' dir='ltr'>non</span> 
     </span>
    </p>

    <p class='ocr_par' dir='ltr' id='par_1_14' title="bbox 3 2665 1265 2771">
     <span class='ocr_line' id='line_1_20' title="bbox 3 2665 1265 2771; baseline 0 -39"><span class='ocrx_word' id='word_1_145' title='bbox 3 2728 5 2771; x_wconf 20' lang='grc' dir='ltr'><strong>ἐ</strong></span> <span class='ocrx_word' id='word_1_146' title='bbox 92 2665 215 2752; x_wconf 82' lang='lat' dir='ltr'>dispari</span> <span class='ocrx_word' id='word_1_147' title='bbox 236 2671 342 2733; x_wconf 64' lang='lat' dir='ltr'>umen</span> <span class='ocrx_word' id='word_1_148' title='bbox 364 2665 575 2734; x_wconf 85' lang='lat' dir='ltr'>sollieitudine</span> <span class='ocrx_word' id='word_1_149' title='bbox 597 2665 802 2733; x_wconf 79' lang='lat' dir='ltr'>Oasineusem</span> <span class='ocrx_word' id='word_1_150' title='bbox 824 2665 989 2732; x_wconf 75' lang='lat' dir='ltr'>ecelesiam</span> <span class='ocrx_word' id='word_1_151' title='bbox 1012 2673 1044 2733; x_wconf 91' lang='lat' dir='ltr'>et</span> <span class='ocrx_word' id='word_1_152' title='bbox 1066 2687 1208 2734; x_wconf 87' lang='lat' dir='ltr'>amamus</span> <span class='ocrx_word' id='word_1_153' title='bbox 1233 2671 1265 2733; x_wconf 88' lang='lat' dir='ltr'>et</span> 
     </span>
    </p>

    <p class='ocr_par' dir='ltr' id='par_1_15' title="bbox 3 2774 1264 2870">
     <span class='ocr_line' id='line_1_21' title="bbox 92 2781 1264 2870; baseline 0.002 -24.788"><span class='ocrx_word' id='word_1_154' title='bbox 92 2801 219 2870; x_wconf 85' lang='lat' dir='ltr'>semper</span> <span class='ocrx_word' id='word_1_155' title='bbox 247 2783 431 2851; x_wconf 85' lang='lat' dir='ltr'>amabimus.</span> <span class='ocrx_word' id='word_1_156' title='bbox 475 2781 690 2850; x_wconf 85' lang='lat' dir='ltr'>Veruntamen</span> <span class='ocrx_word' id='word_1_157' title='bbox 717 2781 793 2867; x_wconf 90' lang='lat' dir='ltr'>quia</span> <span class='ocrx_word' id='word_1_158' title='bbox 820 2782 866 2848; x_wconf 85' lang='lat' dir='ltr'>sio</span> <span class='ocrx_word' id='word_1_159' title='bbox 894 2782 1002 2850; x_wconf 84' lang='lat' dir='ltr'>divina</span> <span class='ocrx_word' id='word_1_160' title='bbox 1028 2782 1264 2870; x_wconf 85' lang='lat' dir='ltr'>praeordinatio</span> 
     </span>
    </p>

    <p class='ocr_par' dir='ltr' id='par_1_16' title="bbox 3 2876 1264 2986">
     <span class='ocr_line' id='line_1_22' title="bbox 3 2876 1264 2986; baseline 0.002 -25"><span class='ocrx_word' id='word_1_161' title='bbox 3 2876 5 2961; x_wconf 82' lang='lat' dir='ltr'>l</span> <span class='ocrx_word' id='word_1_162' title='bbox 92 2898 252 2985; x_wconf 84' lang='lat' dir='ltr'>disposuit</span> <span class='ocrx_word' id='word_1_163' title='bbox 273 2904 306 2965; x_wconf 92' lang='lat' dir='ltr'>et</span> <span class='ocrx_word' id='word_1_164' title='bbox 327 2900 480 2986; x_wconf 88' lang='lat' dir='ltr'>temporis</span> <span class='ocrx_word' id='word_1_165' title='bbox 502 2899 637 2986; x_wconf 82' lang='lat' dir='ltr'>qualitas</span> <span class='ocrx_word' id='word_1_166' title='bbox 660 2899 779 2965; x_wconf 90' lang='lat' dir='ltr'>nostris</span> <span class='ocrx_word' id='word_1_167' title='bbox 801 2899 923 2966; x_wconf 89' lang='lat' dir='ltr'>meritis</span> <span class='ocrx_word' id='word_1_168' title='bbox 947 2900 1140 2966; x_wconf 85' lang='lat' dir='ltr'>ooneordans</span> <span class='ocrx_word' id='word_1_169' title='bbox 1156 2899 1264 2983; x_wconf 82' lang='lat' dir='ltr'>exigit,</span> 
     </span>
    </p>

    <p class='ocr_par' dir='ltr' id='par_1_17' title="bbox 3 3015 1266 3113">
     <span class='ocr_line' id='line_1_23' title="bbox 3 3015 1266 3113; baseline 0.001 -32"><span class='ocrx_word' id='word_1_170' title='bbox 3 3046 5 3113; x_wconf 60' lang='lat'><strong>3</strong></span> <span class='ocrx_word' id='word_1_171' title='bbox 93 3036 134 3082; x_wconf 88' lang='lat' dir='ltr'>ne</span> <span class='ocrx_word' id='word_1_172' title='bbox 148 3035 207 3083; x_wconf 86' lang='lat' dir='ltr'>vos</span> <span class='ocrx_word' id='word_1_173' title='bbox 222 3017 400 3102; x_wconf 89' lang='lat' dir='ltr'>sponsionis</span> <span class='ocrx_word' id='word_1_174' title='bbox 414 3022 539 3084; x_wconf 83' lang='lat' dir='ltr'>vestrae</span> <span class='ocrx_word' id='word_1_175' title='bbox 553 3017 774 3104; x_wconf 80' lang='lat' dir='ltr'>praevaricata</span> <span class='ocrx_word' id='word_1_176' title='bbox 788 3015 948 3101; x_wconf 81' lang='lat' dir='ltr'>obligatio,</span> <span class='ocrx_word' id='word_1_177' title='bbox 964 3036 1022 3083; x_wconf 91' lang='lat' dir='ltr'>nos</span> <span class='ocrx_word' id='word_1_178' title='bbox 1037 3037 1111 3083; x_wconf 82' lang='lat' dir='ltr'>vero</span> <span class='ocrx_word' id='word_1_179' title='bbox 1127 3016 1266 3103; x_wconf 86' lang='lat' dir='ltr'>suseepti</span> 
     </span>
    </p>

    <p class='ocr_par' dir='ltr' id='par_1_18' title="bbox 3 3132 1266 3225">
     <span class='ocr_line' id='line_1_24' title="bbox 3 3132 1266 3225; baseline 0 -26"><span class='ocrx_word' id='word_1_180' title='bbox 3 3170 4 3225; x_wconf 51' lang='lat'><em>3</em></span> <span class='ocrx_word' id='word_1_181' title='bbox 93 3132 258 3216; x_wconf 76' lang='lat' dir='ltr'>regiminis</span> <span class='ocrx_word' id='word_1_182' title='bbox 281 3133 424 3216; x_wconf 79' lang='lat' dir='ltr'>neglecta</span> <span class='ocrx_word' id='word_1_183' title='bbox 438 3132 668 3200; x_wconf 86' lang='lat' dir='ltr'>administratio</span> <span class='ocrx_word' id='word_1_184' title='bbox 684 3137 910 3220; x_wconf 88' lang='lat' dir='ltr'>perpetuarum</span> <span class='ocrx_word' id='word_1_185' title='bbox 924 3153 1099 3220; x_wconf 89' lang='lat' dir='ltr'>poenarum</span> <span class='ocrx_word' id='word_1_186' title='bbox 1114 3133 1266 3200; x_wconf 76' lang='lat' dir='ltr'>obnoxios</span> 
     </span>
    </p>

    <p class='ocr_par' dir='ltr' id='par_1_19' title="bbox 3 3232 1265 3334">
     <span class='ocr_line' id='line_1_25' title="bbox 3 3232 1265 3334; baseline 0.003 -22"><span class='ocrx_word' id='word_1_187' title='bbox 3 3232 4 3295; x_wconf 58' lang='grc' dir='ltr'><em>ἒ</em></span> <span class='ocrx_word' id='word_1_188' title='bbox 94 3248 206 3333; x_wconf 84' lang='lat' dir='ltr'>faeiat,</span> <span class='ocrx_word' id='word_1_189' title='bbox 234 3269 291 3316; x_wconf 90' lang='lat' dir='ltr'>vos</span> <span class='ocrx_word' id='word_1_190' title='bbox 318 3255 350 3316; x_wconf 90' lang='lat' dir='ltr'>et</span> <span class='ocrx_word' id='word_1_191' title='bbox 372 3270 480 3317; x_wconf 88' lang='lat' dir='ltr'>omnes</span> <span class='ocrx_word' id='word_1_192' title='bbox 502 3250 616 3317; x_wconf 89' lang='lat' dir='ltr'>fratres</span> <span class='ocrx_word' id='word_1_193' title='bbox 639 3248 820 3316; x_wconf 79' lang='lat' dir='ltr'>casinensis</span> <span class='ocrx_word' id='word_1_194' title='bbox 843 3247 992 3317; x_wconf 85' lang='lat' dir='ltr'>eoelesiae</span> <span class='ocrx_word' id='word_1_195' title='bbox 1015 3249 1054 3316; x_wconf 92' lang='lat' dir='ltr'>ab</span> <span class='ocrx_word' id='word_1_196' title='bbox 1078 3249 1265 3334; x_wconf 88' lang='lat' dir='ltr'>obedientia,</span> 
     </span>
    </p>

    <p class='ocr_par' dir='ltr' id='par_1_20' title="bbox 3 3365 1266 3463">
     <span class='ocr_line' id='line_1_26' title="bbox 3 3365 1266 3453; baseline 0.002 -23"><span class='ocrx_word' id='word_1_197' title='bbox 3 3376 5 3391; x_wconf 58' lang='lat'>⁸</span> <span class='ocrx_word' id='word_1_198' title='bbox 96 3385 191 3450; x_wconf 90' lang='lat' dir='ltr'>quam</span> <span class='ocrx_word' id='word_1_199' title='bbox 213 3365 305 3433; x_wconf 87' lang='lat' dir='ltr'>nobis</span> <span class='ocrx_word' id='word_1_200' title='bbox 327 3366 528 3453; x_wconf 85' lang='lat' dir='ltr'>promisistis,</span> <span class='ocrx_word' id='word_1_201' title='bbox 550 3366 692 3453; x_wconf 88' lang='lat' dir='ltr'>plenarie</span> <span class='ocrx_word' id='word_1_202' title='bbox 708 3365 909 3432; x_wconf 88' lang='lat' dir='ltr'>absolvimus.</span> <span class='ocrx_word' id='word_1_203' title='bbox 946 3366 1098 3433; x_wconf 87' lang='lat' dir='ltr'>Similiter</span> <span class='ocrx_word' id='word_1_204' title='bbox 1114 3372 1145 3433; x_wconf 89' lang='lat' dir='ltr'>et</span> <span class='ocrx_word' id='word_1_205' title='bbox 1158 3367 1266 3451; x_wconf 89' lang='lat' dir='ltr'>laioos,</span> 
     </span>
    </p>

    <p class='ocr_par' dir='ltr' id='par_1_21' title="bbox 3 3464 1267 3687">
     <span class='ocr_line' id='line_1_27' title="bbox 3 3481 1267 3568; baseline 0.002 -21"><span class='ocrx_word' id='word_1_206' title='bbox 3 3533 5 3556; x_wconf 68' lang='lat'>,</span> <span class='ocrx_word' id='word_1_207' title='bbox 96 3481 152 3567; x_wconf 86' lang='lat' dir='ltr'>qni</span> <span class='ocrx_word' id='word_1_208' title='bbox 177 3481 269 3549; x_wconf 90' lang='lat' dir='ltr'>nobis</span> <span class='ocrx_word' id='word_1_209' title='bbox 297 3481 494 3568; x_wconf 85' lang='lat' dir='ltr'>iuraverunt,</span> <span class='ocrx_word' id='word_1_210' title='bbox 522 3482 638 3551; x_wconf 90' lang='lat' dir='ltr'>liberos</span> <span class='ocrx_word' id='word_1_211' title='bbox 668 3503 688 3548; x_wconf 92' lang='lat' dir='ltr'>a</span> <span class='ocrx_word' id='word_1_212' title='bbox 715 3483 921 3550; x_wconf 75' lang='lat' dir='ltr'>sacramentis</span> <span class='ocrx_word' id='word_1_213' title='bbox 944 3483 1010 3549; x_wconf 91' lang='lat' dir='ltr'>suis</span> <span class='ocrx_word' id='word_1_214' title='bbox 1034 3503 1101 3550; x_wconf 88' lang='lat' dir='ltr'>esse</span> <span class='ocrx_word' id='word_1_215' title='bbox 1124 3484 1267 3550; x_wconf 85' lang='lat' dir='ltr'>coneedi-</span> 
     </span>
     <span class='ocr_line' id='line_1_28' title="bbox 95 3598 1267 3687; baseline 0.003 -23"><span class='ocrx_word' id='word_1_216' title='bbox 95 3618 176 3664; x_wconf 89' lang='lat' dir='ltr'>mus.</span> <span class='ocrx_word' id='word_1_217' title='bbox 267 3598 316 3666; x_wconf 89' lang='lat' dir='ltr'>Ne</span> <span class='ocrx_word' id='word_1_218' title='bbox 339 3604 444 3667; x_wconf 90' lang='lat' dir='ltr'>autem</span> <span class='ocrx_word' id='word_1_219' title='bbox 465 3599 561 3666; x_wconf 90' lang='lat' dir='ltr'>ullius</span> <span class='ocrx_word' id='word_1_220' title='bbox 584 3600 773 3685; x_wconf 85' lang='lat' dir='ltr'>aestimatio,</span> <span class='ocrx_word' id='word_1_221' title='bbox 796 3599 886 3666; x_wconf 89' lang='lat' dir='ltr'>nobis</span> <span class='ocrx_word' id='word_1_222' title='bbox 910 3598 1113 3686; x_wconf 90' lang='lat' dir='ltr'>detrahendo,</span> <span class='ocrx_word' id='word_1_223' title='bbox 1135 3620 1267 3687; x_wconf 86' lang='lat' dir='ltr'>peccare</span> 
     </span>
    </p>

    <p class='ocr_par' dir='ltr' id='par_1_22' title="bbox 3 3715 1267 3815">
     <span class='ocr_line' id='line_1_29' title="bbox 3 3715 1267 3815; baseline 0.001 -33"><span class='ocrx_word' id='word_1_224' title='bbox 3 3732 23 3815; x_wconf 48' lang='lat' dir='ltr'><strong><em>J</em></strong></span> <span class='ocrx_word' id='word_1_225' title='bbox 96 3715 207 3801; x_wconf 82' lang='lat' dir='ltr'>possit,</span> <span class='ocrx_word' id='word_1_226' title='bbox 230 3717 314 3782; x_wconf 88' lang='lat' dir='ltr'>siout</span> <span class='ocrx_word' id='word_1_227' title='bbox 334 3717 424 3784; x_wconf 89' lang='lat' dir='ltr'>vobis</span> <span class='ocrx_word' id='word_1_228' title='bbox 446 3721 478 3783; x_wconf 89' lang='lat' dir='ltr'>et</span> <span class='ocrx_word' id='word_1_229' title='bbox 498 3716 657 3803; x_wconf 87' lang='lat' dir='ltr'>plerisque</span> <span class='ocrx_word' id='word_1_230' title='bbox 679 3715 831 3783; x_wconf 81' lang='lat' dir='ltr'>tratribus</span> <span class='ocrx_word' id='word_1_231' title='bbox 848 3720 960 3783; x_wconf 91' lang='lat' dir='ltr'>notum</span> <span class='ocrx_word' id='word_1_232' title='bbox 975 3721 1034 3802; x_wconf 83' lang='lat' dir='ltr'>est,</span> <span class='ocrx_word' id='word_1_233' title='bbox 1057 3737 1129 3784; x_wconf 88' lang='lat' dir='ltr'>oum</span> <span class='ocrx_word' id='word_1_234' title='bbox 1145 3717 1267 3785; x_wconf 82' lang='lat' dir='ltr'>anobis</span> 
     </span>
    </p>

    <p class='ocr_par' dir='ltr' id='par_1_23' title="bbox 3 3822 1268 3920">
     <span class='ocr_line' id='line_1_30' title="bbox 3 3822 1268 3920; baseline 0.002 -22"><span class='ocrx_word' id='word_1_235' title='bbox 3 3822 4 3891; x_wconf 68' lang='grc' dir='ltr'><em>ἕ</em></span> <span class='ocrx_word' id='word_1_236' title='bbox 99 3831 265 3916; x_wconf 78' lang='lat' dir='ltr'>exivimus,</span> <span class='ocrx_word' id='word_1_237' title='bbox 288 3832 374 3917; x_wconf 86' lang='lat' dir='ltr'>haee,</span> <span class='ocrx_word' id='word_1_238' title='bbox 391 3854 471 3919; x_wconf 86' lang='lat' dir='ltr'>quae</span> <span class='ocrx_word' id='word_1_239' title='bbox 488 3833 767 3920; x_wconf 77' lang='lat' dir='ltr'>subscriptasunt,</span> <span class='ocrx_word' id='word_1_240' title='bbox 792 3833 1058 3901; x_wconf 68' lang='lat' dir='ltr'>disuaserunt.</span> <span class='ocrx_word' id='word_1_241' title='bbox 1093 3832 1268 3900; x_wconf 90' lang='lat' dir='ltr'>Landulfus</span> 
     </span>
    </p>

    <p class='ocr_par' dir='ltr' id='par_1_24' title="bbox 3 3945 1269 4038">
     <span class='ocr_line' id='line_1_31' title="bbox 97 3945 1269 4038; baseline 0.004 -24.629"><span class='ocrx_word' id='word_1_242' title='bbox 97 3945 234 4014; x_wconf 87' lang='lat' dir='ltr'>habebat</span> <span class='ocrx_word' id='word_1_243' title='bbox 261 3949 295 4015; x_wconf 94' lang='lat' dir='ltr'>in</span> <span class='ocrx_word' id='word_1_244' title='bbox 322 3951 454 4036; x_wconf 79' lang='lat' dir='ltr'>pignore</span> <span class='ocrx_word' id='word_1_245' title='bbox 480 3971 538 4038; x_wconf 92' lang='lat' dir='ltr'>pro</span> <span class='ocrx_word' id='word_1_246' title='bbox 562 3951 605 4017; x_wconf 75' lang='lat' dir='ltr'>ab</span> <span class='ocrx_word' id='word_1_247' title='bbox 627 3949 718 4017; x_wconf 87' lang='lat' dir='ltr'>libris</span> <span class='ocrx_word' id='word_1_248' title='bbox 741 3948 872 4016; x_wconf 86' lang='lat' dir='ltr'>ealioem</span> <span class='ocrx_word' id='word_1_249' title='bbox 893 3969 994 4016; x_wconf 89' lang='lat' dir='ltr'>unum</span> <span class='ocrx_word' id='word_1_250' title='bbox 1017 3971 1162 4036; x_wconf 86' lang='lat' dir='ltr'>aureum,</span> <span class='ocrx_word' id='word_1_251' title='bbox 1190 3951 1269 4018; x_wconf 90' lang='lat' dir='ltr'>duas</span> 
     </span>
    </p>

    <p class='ocr_par' dir='ltr' id='par_1_25' title="bbox 99 4065 1270 4155">
     <span class='ocr_line' id='line_1_32' title="bbox 99 4065 1270 4155; baseline 0.001 -24"><span class='ocrx_word' id='word_1_252' title='bbox 99 4083 206 4132; x_wconf 79' lang='lat' dir='ltr'>muees</span> <span class='ocrx_word' id='word_1_253' title='bbox 236 4085 347 4133; x_wconf 88' lang='lat' dir='ltr'>aureas</span> <span class='ocrx_word' id='word_1_254' title='bbox 375 4087 448 4134; x_wconf 87' lang='lat' dir='ltr'>oum</span> <span class='ocrx_word' id='word_1_255' title='bbox 473 4066 650 4153; x_wconf 73' lang='lat' dir='ltr'>lapidibus,</span> <span class='ocrx_word' id='word_1_256' title='bbox 680 4067 742 4133; x_wconf 91' lang='lat' dir='ltr'>duo</span> <span class='ocrx_word' id='word_1_257' title='bbox 772 4065 963 4134; x_wconf 79' lang='lat' dir='ltr'>candelabra</span> <span class='ocrx_word' id='word_1_258' title='bbox 990 4073 1155 4152; x_wconf 82' lang='lat' dir='ltr'>argentea,</span> <span class='ocrx_word' id='word_1_259' title='bbox 1186 4067 1270 4155; x_wconf 89' lang='lat' dir='ltr'>apud</span> 
     </span>
    </p>
   </div>
   <div class='ocr_carea' id='block_1_5' title="bbox 0 1188 4 1887">
    <p class='ocr_par' dir='ltr' id='par_1_26' title="bbox 0 1188 4 1887">
     <span class='ocr_line' id='line_1_33' title="bbox 0 1188 4 1887; baseline 0 0"><span class='ocrx_word' id='word_1_260' title='bbox 0 1188 4 1887; x_wconf 95' lang='lat' dir='ltr'> </span> 
     </span>
    </p>
   </div>
   <div class='ocr_carea' id='block_1_6' title="bbox 3 4179 1269 4393">
    <p class='ocr_par' dir='ltr' id='par_1_27' title="bbox 3 4179 1269 4393">
     <span class='ocr_line' id='line_1_34' title="bbox 3 4179 1269 4295; baseline 0.005 -50"><span class='ocrx_word' id='word_1_261' title='bbox 3 4248 5 4295; x_wconf 39' lang='grc' dir='ltr'>ς</span> <span class='ocrx_word' id='word_1_262' title='bbox 101 4179 253 4248; x_wconf 72' lang='lat' dir='ltr'>smmum</span> <span class='ocrx_word' id='word_1_263' title='bbox 273 4181 466 4250; x_wconf 89' lang='lat' dir='ltr'>Germanum</span> <span class='ocrx_word' id='word_1_264' title='bbox 492 4183 717 4252; x_wconf 77' lang='lat' dir='ltr'>candelabrum</span> <span class='ocrx_word' id='word_1_265' title='bbox 744 4203 843 4250; x_wconf 89' lang='lat' dir='ltr'>unum</span> <span class='ocrx_word' id='word_1_266' title='bbox 872 4189 1056 4267; x_wconf 80' lang='lat' dir='ltr'>argenteum</span> <span class='ocrx_word' id='word_1_267' title='bbox 1083 4204 1142 4271; x_wconf 90' lang='lat' dir='ltr'>pro</span> <span class='ocrx_word' id='word_1_268' title='bbox 1168 4184 1269 4252; x_wconf 88' lang='lat' dir='ltr'>tribus</span> 
     </span>
     <span class='ocr_line' id='line_1_35' title="bbox 3 4295 1269 4393; baseline 0.003 -29"><span class='ocrx_word' id='word_1_269' title='bbox 3 4300 5 4393; x_wconf 69' lang='lat' dir='ltr'>f</span> <span class='ocrx_word' id='word_1_270' title='bbox 100 4295 205 4384; x_wconf 88' lang='lat' dir='ltr'>libris,</span> <span class='ocrx_word' id='word_1_271' title='bbox 227 4298 401 4367; x_wconf 87' lang='lat' dir='ltr'>turibulum</span> <span class='ocrx_word' id='word_1_272' title='bbox 422 4321 521 4367; x_wconf 90' lang='lat' dir='ltr'>unum</span> <span class='ocrx_word' id='word_1_273' title='bbox 541 4319 600 4388; x_wconf 90' lang='lat' dir='ltr'>pro</span> <span class='ocrx_word' id='word_1_274' title='bbox 623 4301 668 4368; x_wconf 82' lang='lat'>30</span> <span class='ocrx_word' id='word_1_275' title='bbox 690 4299 816 4384; x_wconf 83' lang='lat' dir='ltr'>solidis3</span> <span class='ocrx_word' id='word_1_276' title='bbox 845 4319 926 4386; x_wconf 88' lang='lat' dir='ltr'>quae</span> <span class='ocrx_word' id='word_1_277' title='bbox 948 4299 1056 4368; x_wconf 89' lang='lat' dir='ltr'>omnia</span> <span class='ocrx_word' id='word_1_278' title='bbox 1076 4321 1135 4387; x_wconf 90' lang='lat' dir='ltr'>per</span> <span class='ocrx_word' id='word_1_279' title='bbox 1156 4321 1269 4368; x_wconf 90' lang='lat' dir='ltr'>manus</span> 
     </span>
    </p>
   </div>
   <div class='ocr_carea' id='block_1_7' title="bbox 149 4416 1040 4560">
    <p class='ocr_par' dir='ltr' id='par_1_28' title="bbox 149 4416 1040 4560">
     <span class='ocr_line' id='line_1_36' title="bbox 172 4416 489 4476; baseline 0.003 -15"><span class='ocrx_word' id='word_1_280' title='bbox 172 4428 193 4461; x_wconf 73' lang='lat' dir='ltr'>a.</span> <span class='ocrx_word' id='word_1_281' title='bbox 214 4417 253 4472; x_wconf 81' lang='lat' dir='ltr'>Cf.</span> <span class='ocrx_word' id='word_1_282' title='bbox 268 4433 338 4476; x_wconf 75' lang='lat' dir='ltr'>supra</span> <span class='ocrx_word' id='word_1_283' title='bbox 352 4416 417 4475; x_wconf 64' lang='lat' dir='ltr'>pabd</span> <span class='ocrx_word' id='word_1_284' title='bbox 433 4435 454 4462; x_wconf 75' lang='lat' dir='ltr'>a.</span> <span class='ocrx_word' id='word_1_285' title='bbox 466 4433 489 4462; x_wconf 80' lang='lat' dir='ltr'>a.</span> 
     </span>
     <span class='ocr_line' id='line_1_37' title="bbox 149 4494 1040 4560; baseline -0.007 -10"><span class='ocrx_word' id='word_1_286' title='bbox 149 4497 224 4552; x_wconf 70' lang='lat' dir='ltr'>suet</span> <span class='ocrx_word' id='word_1_287' title='bbox 241 4503 384 4548; x_wconf 66' lang='lat' dir='ltr'>sumum</span> <span class='ocrx_word' id='word_1_288' title='bbox 398 4504 416 4547; x_wconf 89' lang='lat'>1.</span> <span class='ocrx_word' id='word_1_289' title='bbox 452 4494 457 4502; x_wconf 56' lang='lat'><em>¹</em></span> <span class='ocrx_word' id='word_1_290' title='bbox 1023 4503 1040 4560; x_wconf 74' lang='lat' dir='ltr'>p</span> 
     </span>
    </p>
   </div>
   <div class='ocr_carea' id='block_1_8' title="bbox 0 0 1581 4859">
    <p class='ocr_par' dir='ltr' id='par_1_29' title="bbox 0 0 1581 4859">
     <span class='ocr_line' id='line_1_38' title="bbox 0 0 1581 4859; baseline 0 0"><span class='ocrx_word' id='word_1_291' title='bbox 0 0 1581 4859; x_wconf 95' lang='lat' dir='ltr'> </span> 
     </span>
    </p>
   </div>
  </div>
 </body>
</html>
