3117 4859
494 265 611 315 noras
631 266 862 316 connumerans
1096 325 1106 340 Χ
1219 253 1261 320 73

96 408 252 474 venientes
273 406 417 494 plerique
438 406 561 493 lidelee,
584 410 792 476 inhonorem
815 409 916 477 sancti
939 410 1091 499 Stephani
1113 412 1260 480 trater-ni·
1283 419 1353 476 1133

96 529 189 591 tatem
216 524 490 610 collaudaverunt,
518 527 571 593 cni
599 532 631 593 et
657 547 803 594 caeream
826 532 1013 596 statuerunt
1058 527 1102 594 Et
1122 529 1157 595 in
1179 530 1259 597 festo
1276 494 1359 553 ΔΨ

95 642 158 708 eius
184 661 342 728 pauperes
369 641 468 725 largis
496 640 675 710 elemosinis
697 644 900 729 recreabant,
931 663 1075 711 eaereum
1098 646 1260 713 annuatim

93 756 246 840 reficient3
268 759 383 825 iratres
404 778 480 826 vero
502 757 542 824 de
557 758 691 827 Corbeia
711 781 820 828 eorum
841 761 961 828 obitum
974 760 1092 845 vigiliis
1108 767 1140 828 et
1153 763 1260 831 mmsis

92 875 313 962 procurabunt,
336 875 466 962 insuper
488 876 560 962 ipsa
581 875 633 942 die
655 896 718 962 qna
736 878 864 965 incepta
878 883 927 944 est
940 877 1144 966 compulsatis
1160 881 1260 946 omni·

91 992 148 1059 bus
170 993 270 1076 signis
291 993 423 1059 mnsam
444 1012 503 1079 pro
518 970 713 1060 omnibusln
727 1015 766 1061 eo
779 995 935 1062 defunctis
952 995 1062 1062 devote
1077 996 1258 1064 cantabant

91 1108 154 1196 Ipsi
175 1129 251 1176 vero
274 1129 412 1194 censum,
435 1129 530 1196 quern
549 1110 585 1178 in
605 1110 806 1180 fraternitate
819 1088 1095 1200 comportaverint,
1118 1113 1153 1180 in
1167 1133 1260 1180 usum

91 1226 273 1293 monasterii
294 1227 534 1293 conservabunt

176 1405 214 1472 ln
236 1405 383 1492 aquilone
404 1405 439 1472 in
461 1405 558 1490 curia,
581 1427 641 1493 que
657 1412 788 1474 vocatur
802 1405 963 1492 leelage
972 1403 990 1494 ¹,
1013 1408 1194 1476 fraternitas
1211 1415 1261 1478 est

90 1522 262 1590 inhonore
286 1522 387 1590 sancti
401 1521 477 1606 Viti,
501 1520 540 1589 de
564 1544 627 1608 qua
647 1529 721 1610 post
742 1524 905 1591 biennium
928 1524 1107 1594 deferentur
1130 1528 1169 1594 ad
1192 1550 1258 1595 mo·

3 1690 4 1699 .
89 1640 262 1706 neoterium
291 1619 479 1707 corbeiense
507 1639 568 1706 duo
598 1641 716 1724 caerei,
745 1639 898 1726 reliquiae
928 1640 1099 1710 efferuntur
1127 1650 1160 1712 et
1188 1665 1260 1711 eum

3 1774 5 1837 ξ
89 1756 206 1822 caereis
230 1756 360 1822 honeste
382 1755 605 1842 suscipiuntur.
648 1755 768 1822 Eorum
791 1762 823 1823 et
844 1759 988 1824 vivorum
1011 1764 1042 1827 et
1064 1767 1259 1828 mortuorum

3 1856 4 1859 ¹
88 1873 241 1940 memoria
263 1874 305 1938 sit
328 1871 411 1960 apud
433 1893 491 1938 nos
513 1871 737 1940 indesinenter.

3 2098 4 2101 ,
175 2051 225 2119 Ob
253 2052 387 2119 salutem
414 2053 591 2118 animarum
612 2052 740 2139 incepta
761 2056 811 2118 est
833 2053 918 2140 apud
939 2073 997 2122 nos
1020 2077 1040 2122 a
1062 2056 1176 2124 domno
1199 2057 1261 2125 Er-

87 2164 269 2238 hemberto'
292 2168 405 2235 abbate
433 2173 465 2235 et
494 2169 639 2236 omnibus
666 2168 819 2236 tratribus
845 2172 963 2238 nostris
991 2178 1022 2240 et
1047 2173 1118 2241 aliis
1141 2173 1259 2243 Christi

3 2340 5 2373 ,
86 2284 231 2354 fidelibus
259 2285 442 2351 fraternitas
469 2284 505 2350 in
532 2284 650 2350 honore
678 2286 864 2352 sanctiviti
886 2289 920 2355 in
942 2288 1091 2356 hocloco
1115 2289 1258 2377 Gorbeis,

3 2396 4 2461 3
86 2404 124 2471 de
145 2423 211 2489 qna
232 2421 409 2489 pauperum
430 2401 584 2468 recreatio
606 2401 649 2467 sit
669 2401 704 2467 in
726 2408 940 2488 pentecosten,
964 2405 1087 2490 quando
1102 2407 1137 2473 hi
1150 2405 1259 2476 lideles

3 2514 4 2519 ’
85 2520 279 2587 conveniunt
298 2517 387 2585 illam
410 2518 604 2604 disposituri,
626 2519 661 2584 in
675 2519 787 2603 vigilia
808 2523 909 2588 sancti
924 2521 990 2589 Viti
1005 2523 1150 2590 omnibus
1172 2524 1207 2590 in
1221 2545 1263 2592 ea·

3 2672 4 2685 2
85 2637 241 2704 defunctio
252 2636 384 2702 missam
394 2654 466 2702 cum
481 2634 727 2722 compulsatione
739 2638 935 2705 cantabimus
951 2643 983 2704 et
993 2659 1123 2726 vespere
1134 2660 1260 2708 cereum

84 2758 269 2841 reparatam
291 2753 354 2839 ipsi
367 2749 476 2819 fideles
491 2749 631 2819 afferent
667 2752 874 2820 Tricesimum
891 2753 976 2821 diem
991 2756 1094 2823 obitus
1109 2757 1259 2844 cuiusque

3 2856 5 2875 ’
84 2876 117 2937 et
130 2871 269 2937 hotrum
284 2869 323 2937 de
336 2869 528 2936 monasterio
543 2873 575 2935 et
588 2869 731 2956 ipsorum
744 2869 885 2937 fidelium
898 2871 1080 2959 plenissime
1094 2873 1129 2938 in
1139 2894 1259 2962 paupe-

3 3002 5 3065 ζ
84 3008 155 3054 rum
169 2987 365 3054 recreatione
384 2986 607 3073 procurabant.
638 2986 827 3074 Quocunque
841 3009 916 3055 vero
937 2989 1203 3076 comportaverint
1219 2993 1258 3058 in

3 3098 4 3149 ἶ
84 3109 227 3188 argento,
243 3103 408 3170 addecene
423 3109 643 3170 ornamentum
656 3105 842 3172 monasterii
855 3105 1069 3172 reservabunt
1091 3105 1136 3173 Ut
1149 3127 1258 3174 eoram

81 3221 238 3288 memoria
247 3220 291 3287 sit
301 3220 595 3303 continuanomina
602 3226 677 3287 sunt
685 3241 779 3309 snper
792 3219 891 3288 altare
901 3223 1088 3310 conscripta
1100 3222 1256 3294 Feliciter.

171 3400 267 3468 Anno
290 3399 447 3467 dominice
468 3401 696 3468 incarnationis
722 3403 823 3486 1241,
848 3404 868 3469 2
891 3400 971 3470 Non.
997 3401 1157 3489 Octobris,
1180 3404 1344 3472 luna1241

81 3516 239 3584 existente
254 3519 308 3602 27,
331 3517 525 3583 indictione.
541 3567 565 3601 .,
590 3522 702 3604 epacta
725 3519 776 3602 17,
801 3523 1005 3586 concurrente
1022 3568 1069 3604 ..,
1093 3521 1181 3588 clave
1201 3523 1254 3608 39,
1273 3488 1347 3538 ⁰⁰t'6

80 3633 162 3702 ciclo
185 3632 282 3700 solari
307 3635 348 3700 18
372 3639 404 3700 et
426 3633 512 3720 cyclo
534 3632 639 3700 lunari
663 3635 692 3719 l,
716 3635 786 3702 visa
809 3640 858 3702 est
879 3633 1006 3723 eclipsis
1028 3635 1113 3721 solis,
1137 3643 1173 3704 nt
1187 3660 1255 3706 ma-

80 3751 176 3835 gistri
197 3749 392 3817 Parisienses
419 3751 639 3837 predixerant,
667 3751 714 3817 ita
742 3751 826 3837 quod
855 3752 939 3819 circa
967 3751 1078 3820 horem
1100 3755 1255 3823 decimam

80 3843 146 3934 diei
168 3867 282 3951 sereni,
304 3867 440 3935 nubibus
461 3888 526 3934 non
548 3866 802 3955 conpetentibus,
826 3869 910 3935 circa
924 3868 1022 3936 solem
1036 3871 1165 3939 tenebre
1181 3877 1255 3939 sunt

81 3988 193 4052 exorte
216 3983 256 4050 ad
277 3984 380 4050 instar
400 3985 502 4052 noetis
526 3990 558 4052 et
580 3985 670 4052 stelle
692 3969 805 4072 plures'
822 3986 1013 4053 viderentm.

153 4126 181 4179 1.
203 4123 283 4179 curia
298 4124 453 4196 Vvlvelage
474 4130 617 4195 comparet
638 4126 721 4181 etiam
743 4125 772 4181 in
794 4127 913 4183 Adfiani
935 4126 975 4183 IV
998 4141 1086 4197 papae
1108 4127 1185 4184 balla
1207 4143 1251 4199 sp

80 4212 190 4270 Brhard
207 4213 277 4284 aeg.
290 4213 415 4284 westph.
429 4213 465 4270 Π.
483 4213 551 4272 cod.
563 4215 632 4285 dipl.
649 4231 678 4284 p.
689 4216 734 4271 80.
805 4218 832 4272 2.
851 4215 1041 4272 1107-1128.

548 4431 790 4456 w*
