3117 4859
430 250 579 298 wrummr
600 249 788 300 samsom
808 249 863 298 aas.
879 250 933 298 aaa.
1200 235 1267 302 481

81 390 168 474 dns)
189 389 387 460 corbeiensis
414 392 510 460 abbas
532 411 661 477 grauem
682 392 716 460 in
739 392 868 461 cumbas
889 393 1008 460 nostris
1030 393 1191 480 querelam
1213 396 1268 463 de·
1284 400 1356 522 Ῑ1111

82 509 212 595 posuit,
236 509 321 594 qood
344 507 543 577 widikindus
566 509 794 596 parrochianus
814 514 888 577 tuus
911 529 984 576 cum
1007 510 1194 596 quibusdam
1216 474 1325 579 sss-²¹¹

82 624 247 693 tellitibus
270 625 335 692 suis
358 625 549 694 cimiterium
571 625 769 694 Gorbeiensie
791 626 976 696 monasterii
993 625 1147 695 violenter
1167 627 1268 695 iutra·

84 741 178 809 verit
190 747 232 810 *et
244 742 353 810 ualens
371 745 435 812 100
456 761 635 810 marearum
657 761 737 812 ausu
756 742 908 827 sacrilego
923 742 997 810 inde
1012 742 1188 828 abstulerit,
1209 763 1269 812 neo

84 879 160 926 non
181 857 345 946 capellam,
369 879 449 946 quae
471 859 506 928 in
527 864 620 946 porta
641 859 742 946 ipsius
765 860 913 928 cimiterii
933 860 1105 927 constituta
1118 865 1178 945 eet,
1200 859 1268 926 vio-

85 975 175 1044 lavit
196 980 238 1062 et,
261 996 342 1063 quae
362 976 408 1044 ibi
429 975 560 1062 invonit,
584 996 662 1044 ausu
678 977 800 1044 nefario
816 976 939 1044 aulem
952 975 1158 1065 presumpsit
1188 975 1270 1056 Quis

85 1091 193 1177 igitur
215 1091 255 1158 od
277 1096 421 1160 nostrum
443 1097 566 1180 spectet
587 1090 734 1178 officium,
758 1099 864 1162 errata
884 1093 1042 1178 corrigere
1064 1098 1098 1160 et
1114 1092 1267 1161 laicorum

86 1210 363 1297 presumptionem
378 1209 467 1276 freno
481 1209 627 1278 iusticias
641 1208 816 1296 cohercere,
830 1229 887 1298 per
902 1209 1063 1296 presentia
1075 1209 1135 1277 tibi
1149 1209 1269 1297 scripta

86 1326 291 1410 mandamus,
315 1327 463 1412 quatinus
484 1326 662 1414 predictum
676 1324 894 1394 Widikindum
914 1330 948 1394 et
960 1325 1032 1393 illos
1046 1345 1167 1412 omnes,
1190 1347 1269 1413 quos

86 1443 127 1510 in
150 1443 273 1529 prefata
294 1443 439 1528 nequicia
460 1461 567 1512 secum
587 1442 734 1510 habuisse
756 1443 940 1527 dmoscitur,
966 1442 1110 1510 districte
1130 1461 1268 1510 commo-

86 1579 181 1644 neas,
207 1563 244 1627 ut
264 1559 387 1646 prefato
409 1559 601 1628 monasterio
625 1559 731 1628 ablata
751 1559 923 1628 restituant
943 1563 976 1625 et
997 1559 1037 1626 de
1059 1562 1149 1626 tanto
1171 1560 1268 1627 saui-

86 1675 176 1761 legio
199 1675 386 1760 condignam
408 1676 654 1746 satisfactionem
677 1675 861 1758 exhibeant;
888 1675 1028 1761 alioquin
1049 1673 1268 1744 Widikindum

89 1799 124 1862 at
148 1792 316 1880 complices
339 1813 412 1860 suos
434 1791 539 1876 gladio
563 1792 772 1860 anathematis
794 1791 930 1860 Domino
953 1797 1082 1862 aucmre
1101 1793 1266 1881 percellas

88 1909 179 1980 Data
200 1909 327 1994 Signiae
348 1914 385 1977 ut
406 1928 513 1995 supra

90 2219 185 2293 356.
207 2221 366 2312 anmiar
377 2220 439 2287 ΙΙΙ
448 2245 541 2310 papa
556 2219 747 2288 Herimuono
767 2223 909 2312 episcopo
927 2221 1116 2288 Traiectmsi
1128 2223 1267 2308 mandat,

203 2349 238 2404 at
253 2339 411 2405 ecdeaium
425 2337 684 2404 Linewertmaem
701 2349 730 2403 ct
743 2337 885 2404 Merthea
893 2339 1073 2426 praedium,
1089 2340 1269 2406 monastero·

205 2455 394 2522 wodemo
413 2457 627 2542 possessiones,
651 2464 780 2520 utemur.
1103 2449 1157 2534 (Μ,
1175 2451 1266 2534 333.)

97 2657 102 2674 r
181 2603 284 2672 Idem
311 2623 412 2692 papa
439 2600 677 2670 Herimanno
707 2603 954 2671 Traiecteusi
983 2603 1181 2691 episcopo.
1285 2618 1356 2673 1152

182 2720 355 2788 Officiinos
365 2724 525 2787 ammonet
536 2725 569 2788 et
578 2719 723 2787 hortatur
732 2718 1106 2805 auctoritas‚utfidelium
1115 2721 1266 2807 omnium,
1282 2691 1354 2740 ω

87 2838 230 2908 maxime
256 2837 492 2922 religiosorum,
523 2837 695 2904 commodis
721 2841 855 2923 paterno
884 2833 998 2903 affectu
1024 2837 1207 2924 prospicere
1234 2843 1267 2905 et

88 2975 201 3023 eornm
222 2953 354 3021 utilitati
375 2952 511 3020 Domino
536 2958 662 3020 auctore
684 2951 855 3022 salubriter
875 2952 1068 3040 provideres
1114 2952 1267 3032 Quocirca

88 3091 149 3160 per
170 3071 332 3158 presentia
353 3070 473 3157 scripta
492 3069 685 3138 fraternitati
706 3076 779 3138 tuoe
801 3070 999 3155 mandamus,
1022 3069 1171 3156 quatinus
1192 3091 1267 3158 pos·

90 3187 248 3256 ammones
263 3185 461 3254 Corbeieusis
484 3186 664 3273 aecclesiae,
687 3207 768 3274 quae
788 3186 824 3254 in
845 3191 902 3254 tuo
917 3187 1035 3254 diocesi
1048 3207 1118 3254 esee
1130 3205 1266 3256 nosoun·

89 3311 160 3390 tur,
187 3303 337 3372 uidelicet
364 3303 548 3372 aecrlmiam
577 3304 617 3371 de
636 3302 798 3373 Linewert
823 3307 857 3372 et
880 3301 1028 3390 predium
1050 3303 1091 3372 de
1110 3302 1266 3390 ilerden,

91 3421 134 3490 ad
155 3419 392 3490 Oorbciansium
418 3421 554 3488 fratrum
575 3419 747 3490 utilitam
769 3421 809 3489 ab
830 3418 912 3505 illie,
940 3420 995 3506 qui
1017 3439 1071 3488 eas
1092 3419 1266 3490 moliuntur

91 3538 224 3622 auterre,
247 3537 396 3606 dolendas
418 3556 456 3604 ac
476 3541 697 3621 manuteuecs3
720 3557 801 3624 quae
823 3541 929 3604 autem
951 3536 991 3604 de
1007 3537 1126 3604 endem
1140 3557 1265 3624 posses·

91 3655 231 3724 sionibus
253 3653 391 3722 alienata
412 3673 468 3722 seu
483 3653 638 3742 impedita
651 3654 845 3739 cognoveris,
868 3653 1017 3740 expedire
1032 3673 1070 3722 ao
1082 3653 1266 3738 recolligere

90 3771 312 3842 nicfflominus
335 3769 485 3839 elabores.
527 3772 570 3839 Et
592 3771 638 3838 sic
660 3771 846 3839 decaetero
868 3790 964 3858 super
985 3769 1044 3837 hoc
1065 3775 1098 3836 tc
1121 3769 1264 3838 volumus

91 3909 160 3960 esse
183 3887 363 3973 sollicitum,
385 3908 425 3956 ue
441 3887 639 3956 corbeiensis
662 3887 815 3956 aecclesia
832 3887 867 3953 in
880 3885 999 3954 endem
1012 3886 1265 3973 possessionibus

66 4007 197 4094 niqra
218 4005 321 4092 possit
342 4005 480 4092 dampna
501 4006 628 4073 sentire.
674 4004 759 4072 Data
781 4002 909 4088 Signiae
930 4004 952 4070 5
974 4002 1048 4071 Idus
1070 4001 1218 4072 lauant

162 4181 183 4214 ι.
204 4164 328 4214 debeamus
343 4167 456 4214 excidisse
471 4165 566 4214 adem.

571 4354 780 4368 ...ι-..ῃ
