3117 4859
394 299 543 350 viseum
563 298 750 352 nemnem
771 299 826 347 ere.
843 299 897 346 ere.
1159 283 1225 352 447

37 459 110 508 eeu
140 437 280 512 ffimum
307 440 327 508 t
352 441 506 511 desiderio
528 440 671 510 eoelestis
694 442 832 529 patriae,
860 461 987 528 preesse
1008 447 1041 510 et
1061 442 1351 529 providerenooe
1366 475 1392 488 -

37 553 142 640 tiliis,
165 555 296 642 (litigem
318 562 351 646 et
370 578 479 643 regere
501 557 695 642 semissium,
718 577 814 644 quem
827 558 917 626 uobis
938 559 1140 628 oommmsom
1156 521 1301 629 eese²¹⁵¹
1314 525 1347 574 ¹²

40 671 162 754 soitie3
186 693 267 758 quse
289 673 349 742 etei
363 674 456 741 modo
476 675 615 761 peoeetie
630 674 828 759 exigentibus
841 673 1028 759 flogellotur,
1050 679 1163 761 potens
1178 681 1228 742 eet

39 785 193 858 liberere
215 809 286 858 eum
307 789 408 875 Deus,
435 790 490 876 qui
511 789 631 874 losum,
653 791 688 858 iu
710 811 771 877 quo
794 791 857 858 site
877 796 942 875 est,
964 790 1006 858 ed
1027 791 1227 860 serviendum
1282 820 1285 829 ·

41 903 118 972 sibi
145 903 240 990 elegit
255 911 327 974 ente
343 905 457 976 eeoule.
488 905 601 990 Quoue,
623 911 714 992 poter
729 907 905 992 kerieeime,
927 911 1115 994 peupertote
1130 906 1228 974 eoele-

43 1021 123 1090 eiee
146 1026 283 1107 nostres,
307 1042 388 1108 quoe
408 1043 464 1090 uos
488 1043 508 1088 e
528 1023 633 1109 prime
653 1023 720 1090 iere
742 1028 826 1092 etate
847 1025 982 1092 nutriuit
1002 1022 1082 1090 uiuit
1103 1030 1136 1092 et
1154 1044 1228 1112 pro-

42 1137 168 1223 movit,
191 1143 383 1223 oontentuet
400 1159 471 1208 sem
489 1158 688 1226 nequeqnnm
702 1139 870 1223 deseretis3
893 1140 970 1225 quie
983 1140 1043 1207 hoe
1057 1139 1228 1208 seeundum

43 1252 221 1324 hominum
242 1255 358 1325 iustum
381 1255 612 1324 estimationem
634 1260 666 1323 et
680 1276 756 1327 vere
777 1256 896 1324 indieie
916 1255 1009 1341 longe
1030 1260 1115 1324 esset
1136 1257 1228 1343 ripe·

45 1374 150 1438 terne
171 1371 312 1456 sanitato,
336 1376 368 1440 et
389 1371 560 1440 seeundum
576 1369 690 1456 Deum,
713 1373 886 1444 seeundum
907 1372 1094 1462 apostolum,
1117 1391 1228 1441 seeun-

46 1486 134 1555 dum
167 1486 372 1559 ohristirnem
403 1487 580 1557 dootrinnm
610 1487 748 1560 eliseum
775 1495 860 1558 osset
886 1489 926 1557 ot
953 1489 1041 1558 omni
1066 1487 1228 1573 religionis

46 1603 186 1690 pietate.
268 1603 426 1689 Ceterum,
449 1625 546 1690 quere
568 1603 610 1672 ed
631 1604 797 1673 eonsilium
818 1604 952 1672 fratrum
974 1603 1047 1674 leioi
1068 1625 1134 1674 non
1154 1609 1229 1675 eunt

48 1719 206 1804 sommi,
235 1740 276 1788 ex
302 1721 417 1789 litteris
445 1725 614 1789 eonventus
636 1719 760 1807 plenius
783 1720 976 1806 intelligetis.
1021 1721 1228 1808 Nequequum

49 1835 197 1906 erohene
217 1835 340 1907 eonsilii
362 1837 463 1904 nostri
484 1856 556 1904 oum
578 1836 628 1904 hie
650 1837 843 1924 portioipere
856 1836 1012 1922 uolumus,
1035 1838 1091 1923 qui
1104 1857 1229 1924 semper

48 1957 169 2020 eontra
189 1973 247 2020 nos
269 1959 353 2038 sunt,
377 1953 430 2039 qui
452 1973 577 2039 semper
597 1958 706 2023 nostre
728 1958 760 2020 et
774 1957 881 2023 emtus
893 1952 1047 2022 violenter
1063 1953 1227 2041 diripiunt.

50 2067 148 2148 Quod
176 2088 250 2154 ergo
278 2068 317 2138 eb
347 2067 498 2138 eeoolesio
522 2073 629 2137 vestre
657 2090 697 2138 ex
723 2069 856 2138 oonsilio
882 2075 987 2138 uotum
1015 2073 1079 2156 eet,
1106 2070 1229 2140 sineere

50 2183 177 2252 metum
198 2204 277 2270 esse,
300 2185 500 2273 paternitatis
522 2190 645 2254 vestroe
666 2185 825 2272 intelliget
844 2185 1022 2274 prudentio

57 2521 150 2594 318.
171 2524 210 2593 H.
233 2524 400 2592 monachos
423 2525 612 2592 stabulensis
635 2549 655 2590 o
677 2525 818 2592 Wtoaldo
839 2547 961 2614 moprus
976 2527 1123 2612 praetore
1139 2528 1226 2614 petto,

170 2652 205 2708 ut
220 2639 409 2708 stabulensis
423 2642 561 2706 coenato·
576 2641 747 2707 dimittendi
761 2636 920 2706 comitium
935 2643 1061 2706 omittet.
1076 2638 1229 2722 (MOI.)

148 2781 322 2850 messem
344 2779 470 2848 somno
487 2800 543 2848 suo
558 2778 726 2862 wesen)
741 2779 1107 2850 venenosissimis
1121 2749 1351 2853 misereor»
1367 2825 1393 2834 -

1 2995 5 3004 .
57 2897 189 2968 humilis
209 2896 250 2964 H.
274 2895 484 2964 obedientium
506 2897 730 2966 subiectionem
752 2915 790 2964 eo
810 2897 1018 2965 devotionem.
1237 2871 1348 2925 1151112.

149 3013 368 3096 Deorereuurn,
390 3016 482 3098 peter
504 3012 680 3098 karissime,
703 3013 838 3098 digitum
859 3033 977 3100 ponere
998 3013 1047 3080 ori
1061 3033 1132 3080 meo
1141 3009 1159 3097 ¹,
1181 3019 1227 3098 ut,

60 3133 117 3220 qui
144 3131 249 3200 neseio
277 3128 377 3215 loqui,
407 3128 520 3199 eultem
547 3134 583 3197 ut
611 3135 716 3200 terere
738 3129 896 3215 noverim,
924 3129 1075 3218 inoipiem
1096 3130 1226 3198 dooere

61 3247 127 3317 Sed
152 3247 228 3314 dum
252 3265 310 3332 pre
331 3243 429 3314 oeulis
451 3245 566 3330 hebeo,
596 3252 714 3333 quente
734 3247 769 3315 in
791 3267 868 3315 euro
890 3251 1021 3330 urgente
1042 3251 1075 3313 et
1095 3247 1228 3331 gemmis

61 3363 219 3448 seriisque
246 3360 407 3428 ornatibus
433 3361 582 3430 eoelesiee
604 3369 732 3432 nostrae
751 3362 945 3448 contulistis,
972 3383 1068 3448 quem
1088 3363 1229 3432 honestis

62 3487 96 3550 et
120 3479 249 3548 utilibus
275 3474 405 3544 edifioiis
429 3496 498 3546 eem
520 3479 737 3565 promovistis,
766 3499 922 3566 quemque
942 3480 1082 3564 integros
1103 3499 1228 3567 posses·

62 3598 166 3666 sioues
188 3596 255 3663 eius
278 3599 310 3662 et
330 3594 443 3662 fundos
464 3615 529 3662 non
550 3593 653 3662 solum
674 3595 855 3665 custodistis
870 3617 979 3664 rerum
1000 3596 1097 3664 etiem
1117 3597 1157 3664 eb
1171 3616 1228 3664 en-

63 3711 269 3782 teoeeeoribus
283 3711 397 3778 vestris
418 3709 502 3779 mole
523 3710 689 3780 dmtrootee
711 3711 916 3796 recollegistis
939 3716 971 3778 et
986 3711 1130 3796 suxistis,
1151 3711 1229 3780 dum

64 3830 159 3900 etism
171 3827 374 3910 'reminisoon
397 3831 549 3914 quantum
571 3825 743 3894 honestatis
759 3827 944 3915 disciplinae
957 3847 996 3896 eo
1009 3827 1228 3896 sollieitudinie

64 3944 286 4030 imitabilisque
308 3941 445 4029 exempli
466 3943 551 4014 eires
571 3963 628 4012 voe
650 3945 883 4031 perspexerim,
911 3944 953 4012 ed
972 3943 1120 4013 ult‘mum
1141 3963 1227 4028 uero,

65 4061 147 4149 quod
167 4060 305 4128 maxime
327 4078 381 4127 eor
402 4079 508 4126 meum
529 4059 642 4144 tangit,
665 4079 760 4145 quam
781 4060 835 4148 pie
857 4059 897 4126 eb
918 4060 1053 4126 Mentis
1068 4080 1120 4127 me
1134 4059 1228 4128 eolle-

64 4178 162 4263 gistie,
185 4195 280 4264 quam
301 4175 546 4250 miserioorditer
567 4175 731 4262 habuistis,
754 4195 849 4263 quem
870 4174 1040 4246 elementer
1061 4175 1228 4262 edueostis,

135 4334 155 4368 ι
175 4321 318 4381 contemptun
335 4339 355 4368 o.

135 4405 333 4477 immo
