3117 4859
338 253 405 324 562
717 272 869 320 wmannr
887 269 1054 320 namnum
1074 270 1130 318 sss.

337 437 427 508 425.
445 439 605 507 Wrtatdoe
626 442 793 507 Anastasio
809 441 864 506 11⁷
874 441 1094 532 ponteficum
1113 439 1302 527 gratulatur.
1353 438 1502 502 Potitium

446 578 521 621 suos
542 557 743 622 wmmmdut.
1355 550 1504 634 (113931

248 694 318 750 1163
424 685 607 756 Reverendo
623 688 780 775 patrisne
796 691 829 755 et
843 687 969 754 domino
984 687 1180 769 Ainastasio)
1196 690 1327 753 sanetae
1344 683 1506 751 catholicae

269 783 303 815 ‘¹'
336 807 369 870 et
390 802 580 889 apostolieae
603 803 772 872 aeoolesiae
786 805 843 870 uni
858 809 891 871 et
904 803 1076 871 universali
1089 823 1192 892 papae
1206 803 1308 869 frater
1323 799 1506 883 W(ibaldusl

335 917 396 986 Dei
418 924 450 986 et
464 923 571 988 vestra
592 922 696 1005 gratia
717 921 761 1005 id,
785 920 869 1006 quod
892 921 995 987 estin
1018 919 1171 988 aeeclesia
1192 915 1364 1001 catholiea,
1389 919 1507 1001 exiguas

335 1036 492 1102 orationes
516 1041 549 1104 et
570 1036 719 1103 devotum
741 1037 917 1104 servitium.

423 1151 474 1218 Ex
503 1172 565 1239 quo
594 1151 703 1219 diuina
729 1153 930 1240 providentia
956 1156 1190 1219 sacrosanctam
1210 1155 1350 1216 matrem
1375 1155 1507 1214 nostran

334 1265 509 1334 Romanam
532 1268 715 1336 aecclesiam
737 1270 806 1354 regi
828 1269 985 1357 disposuit
999 1289 1057 1357 per
1071 1267 1347 1352 religiosissimam
1364 1265 1506 1331 sollieitu-

334 1382 440 1450 dinem
462 1389 617 1470 vestram,
640 1385 674 1452 in
697 1387 848 1473 precipuo
871 1384 1026 1452 desiderio
1048 1384 1227 1468 habuimus,
1250 1383 1342 1450 vobis
1368 1402 1505 1468 eorpora

333 1499 407 1568 liter
425 1506 568 1567 nostram
583 1501 731 1569 exhibere
746 1503 954 1589 presentiam:
978 1506 1015 1567 ut
1029 1499 1134 1586 aliquo
1149 1500 1283 1567 certiore
1299 1498 1424 1565 indicio
1438 1497 1505 1563 lilia

333 1615 411 1700 lem,
439 1637 534 1703 quam
556 1617 640 1684 eirea
662 1638 717 1685 uos
740 1619 889 1703 gerimus,
913 1615 1109 1685 affectionem
1132 1604 1257 1702 ple'nius
1279 1613 1505 1700 intelligeretis

334 1736 366 1798 et
393 1752 451 1798 nos
483 1731 690 1801 confidentius
718 1733 870 1801 familiari
897 1732 1052 1819 oolloquio
1079 1732 1234 1819 quaedam
1264 1731 1351 1818 apud
1376 1737 1504 1798 rostram

334 1846 559 1915 sublimitatem
583 1870 834 1935 suggereremus,
858 1869 937 1936 quae
959 1849 1086 1933 longum
1111 1852 1159 1916 est
1182 1855 1214 1915 et
1233 1846 1386 1914 fortassis
1406 1847 1504 1914 inutile

333 1969 441 2050 posset
461 1961 530 2030 fieri
553 1971 659 2034 eadee
682 1971 714 2034 et
735 1970 926 2033 attramento
950 1965 1156 2032 oommittere.
1195 1962 1250 2030 Set
1273 1964 1430 2049 quoniam
1451 1965 1503 2030 ian

333 2079 480 2166 proxima
501 2080 592 2148 nobis
616 2082 775 2169 expeditio
798 2081 909 2149 ltalioa
917 2077 935 2165 ¹,
960 2082 1113 2167 adquam
1127 2100 1184 2147 nos
1200 2085 1233 2146 et
1247 2080 1355 2145 animo
1374 2085 1409 2146 et
1422 2079 1503 2146 rebus

332 2196 489 2263 instanter
510 2217 733 2284 preparemus,
763 2199 803 2266 ab
826 2197 885 2264 huo
906 2196 1056 2264 ornate
1077 2217 1136 2264 nos
1157 2196 1288 2279 retinet,
1316 2197 1422 2279 signis
1443 2216 1502 2282 pre

333 2312 474 2379 sentibus
503 2318 535 2379 et
560 2312 624 2380 leri
651 2315 766 2382 nunoio
794 2317 936 2382 nostram
963 2312 1142 2381 eelsitudini
1164 2316 1288 2378 restrae
1311 2311 1502 2378 devotionern

333 2425 508 2512 offerimus3
531 2427 592 2497 Dei
615 2431 841 2519 omnipotentis
863 2429 1062 2497 elementiam
1084 2428 1196 2495 humili
1218 2447 1313 2513 preoe
1332 2434 1501 2509 exorantes
1557 2416 1558 2419 '

333 2549 369 2612 ut
390 2565 446 2612 uos
476 2545 515 2612 ab
544 2546 723 2634 inportunis
751 2551 784 2613 et
809 2545 903 2614 malis
925 2546 1104 2614 hominibus
1126 2545 1260 2612 liberere
1283 2543 1452 2629 dignetur,
1478 2548 1502 2608 et

332 2661 417 2728 beati
431 2659 518 2729 Petri
541 2660 730 2748 naviculam,
754 2661 843 2729 onius
858 2683 914 2729 vos
936 2659 1183 2747 gubemeoulum
1204 2661 1331 2745 teneda
1355 2661 1391 2726 in
1411 2659 1502 2726 ducti

332 2777 402 2863 bus,
425 2778 537 2864 quibus
560 2779 686 2846 assidue
709 2783 887 2866 quassatur,
911 2800 951 2846 ne
965 2784 1136 2864 mergetur,
1159 2779 1280 2862 erigere
1294 2797 1361 2843 non
1376 2782 1503 2844 recuset

332 2893 494 2962 Mirabiles
514 2895 641 2981 quidem
658 2894 809 2962 elationes
823 2896 931 2982 maris,
954 2901 1003 2964 set
1016 2893 1171 2962 mirabilis
1186 2895 1220 2960 in
1235 2893 1308 2960 altis
1323 2889 1504 2960 Dominns'.

332 3007 449 3077 Paulus
472 3012 633 3098 apostolus
657 3012 698 3079 ad
714 3010 904 3099 discipulum
920 3031 1012 3079 suum
1027 3011 1226 3078 Timotheum
1240 3009 1396 3094 scribens,
1421 3011 1505 3076 dicit:

333 3125 434 3193 Neruo
462 3129 701 3195 adolescentium
723 3141 810 3195 wem
833 3122 1032 3196 contomnot'.
1077 3127 1159 3211 Nos,
1188 3124 1337 3212 discipuli
1360 3131 1395 3193 et
1418 3127 1505 3209 serui,

333 3241 484 3324 magistro
508 3249 540 3310 et
561 3242 688 3311 domino
711 3264 790 3311 ausu
807 3244 948 3311 caritatis
963 3243 1174 3328 suggerimus:
1197 3241 1298 3309 Nemo
1313 3249 1507 3309 senectutem

333 3361 472 3423 uestram
495 3363 689 3443 contemnat3
713 3361 861 3446 quoniam
877 3365 950 3427 ante
967 3365 1039 3427 aeta
1051 3359 1236 3426 innocenter
1249 3359 1316 3424 vita
1329 3357 1428 3425 talis·
1441 3359 1505 3440 luit,

332 3475 369 3538 ut
383 3493 439 3539 vos
461 3492 563 3560 neque
577 3475 683 3543 vivere
705 3476 824 3563 pudeat
845 3497 947 3562 neque
969 3477 1049 3543 mori
1072 3474 1228 3542 ullatenus
1250 3475 1370 3561 pigeat.
1405 3475 1507 3563 Siqui

333 3588 406 3655 dem
429 3589 448 3655 d
469 3593 555 3657 retro
579 3593 670 3659 annis
689 3593 825 3679 quinque
841 3598 873 3659 et
886 3589 1018 3677 viginti‘
1031 3598 1171 3659 uestram
1185 3591 1420 3658 beatitudinem
1436 3593 1506 3659 sau‘s

332 3703 447 3771 intima
474 3710 506 3772 et
533 3706 684 3774 familiari
711 3708 829 3774 noticia
857 3705 1077 3792 eognovimus⁸
1104 3714 1136 3776 et
1157 3707 1261 3793 gratia
1282 3713 1393 3774 uestra
1417 3715 1507 3794 atque

333 3819 404 3887 miti
431 3821 607 3908 patrocinio
635 3823 670 3890 in
698 3825 785 3891 omni
813 3843 908 3890 eausa
936 3843 991 3890 seu
1013 3823 1139 3910 privata
1160 3844 1216 3890 seu
1237 3823 1384 3910 publiea,
1417 3843 1505 3910 quam

405 4018 426 4054 ι.
445 4007 522 4055 vitali!
538 4010 590 4056 cod.

406 4102 432 4157 1.
450 4117 545 4159 mense
557 4101 669 4160 Oetobri
681 4120 707 4160 a
720 4105 791 4160 1154
804 4104 962 4162 wibaldum
975 4119 1039 4162 eum
1050 4104 1191 4160 lriderioo
1204 4119 1270 4175 rege
1282 4103 1312 4159 in
1325 4105 1436 4162 ltaliam
1447 4122 1503 4176 pro

334 4186 438 4244 festum
456 4205 517 4246 esee
534 4195 650 4247 eonstat
721 4195 748 4248 2.
772 4194 818 4249 Ps.
831 4196 874 4264 92,
886 4194 913 4250 4.
984 4195 1011 4250 3.
1036 4192 1204 4261 l‘limotd,
1218 4193 1259 4247 12.
1332 4194 1359 4249 4.
1384 4193 1429 4249 Ex
1451 4209 1502 4265 quo

333 4277 452 4348 intelligi
468 4278 561 4351 debet,
578 4279 737 4338 ertaldum
754 4297 827 4340 anuo
839 4283 909 4339 1128
926 4284 955 4338 in
973 4284 1050 4339 ouria
1066 4283 1157 4354 papali
1175 4281 1271 4339 fuisso
1343 4283 1371 4338 5.
1388 4283 1502 4339 Anasta·

331 4365 392 4424 sius
408 4367 448 4423 lv
465 4384 538 4425 anno
557 4369 627 4426 1128
644 4369 699 4428 fuit
716 4371 859 4428 Oonradus
876 4372 1024 4442 episeopus
1041 4371 1210 4429 Sabinensis.
