3117 4859
330 253 396 320 596
706 270 857 318 wrennm
876 269 1042 318 mmmm
1063 268 1118 316 sos.

244 417 312 473 1157
331 417 379 479 set
400 410 576 499 prohibitus
599 415 683 478 esset
705 411 725 478 t
745 411 888 499 predicto
903 410 1095 480 Gisleberto·
1110 430 1168 499 per
1182 410 1401 494 violentiam,
1424 409 1510 474 ndo}

329 529 404 595 tatis
428 531 524 595 etiam
545 528 657 594 mortis
679 528 785 595 minis.
823 529 876 595 Ad
896 529 975 596 haec
996 549 1070 596 vero
1092 526 1315 594 Gislebertus⁸
1340 524 1511 613 resspondn¹

331 645 415 731 quod
434 645 543 712 eadem
560 645 720 732 prebenda
735 645 796 712 sibi
810 646 878 712 iure
893 645 1076 732 pertineret,
1097 664 1155 731 pro
1170 665 1208 710 eo
1224 644 1319 731 quod
1335 649 1512 710 mosem

214 793 219 804 ·
329 761 498 850 prescripti
521 761 643 830 abbatis
658 760 792 828 Walteri
813 762 953 829 dedisset
974 761 1004 829 ei
1025 760 1228 848 prebendam,
1252 781 1347 847 quae
1364 758 1512 848 primis

330 878 440 945 eadem
468 878 619 945 aecclesia
640 884 776 946 vacaret.
822 877 950 945 Auditis
977 877 1084 964 itaque
1110 878 1210 965 partis
1239 877 1428 963 utriusque
1449 875 1513 941 alle

328 994 517 1079 gationibus‚
541 994 674 1064 domnus
698 996 863 1083 episcopus
887 994 1058 1061 secundum
1080 993 1352 1061 consuetudinem
1377 993 1513 1061 eimdm

329 1109 498 1178 eecclesiae
521 1111 709 1181 senentiam
731 1111 841 1178 iudicii
864 1110 1098 1178 archidiaconos
1120 1131 1193 1178 suos
1215 1116 1249 1178 et
1263 1116 1385 1178 totum
1399 1110 1513 1177 cleron

327 1227 543 1311 interrogarit.
590 1226 650 1306 Qui
672 1249 781 1297 omnes
803 1248 868 1295 una
890 1233 922 1295 et
943 1247 1081 1296 consona
1102 1247 1177 1294 voce
1198 1226 1436 1313 protulerunt:
1459 1225 1513 1292 Ge

326 1343 415 1410 rerdi
437 1364 477 1409 ex
498 1345 567 1410 iure
590 1365 658 1412 esse
681 1344 874 1432 prebendam
897 1379 939 1390 -
963 1345 1033 1431 qui·
1056 1343 1145 1431 postd
1164 1343 1337 1412 decessum
1352 1349 1512 1412 recenter

326 1459 479 1528 Ruoberti
502 1459 607 1528 cleriei
630 1481 699 1528 eom
722 1462 872 1530 canonice
894 1464 1058 1548 acceperat
1080 1497 1121 1507 —
1144 1461 1261 1548 potins,
1286 1479 1396 1547 quam
1414 1459 1512 1528 Gisia·

327 1577 418 1662 berti,
442 1577 497 1662 qui
517 1576 779 1664 pollicitationem
802 1578 836 1645 in
857 1578 969 1646 mortis
988 1577 1120 1645 alicuius
1134 1576 1357 1664 captationem
1375 1597 1512 1665 aucupe·

326 1698 424 1761 verat.
466 1691 552 1772 Quae
575 1695 742 1779 sententia,
766 1695 806 1762 ab
828 1715 892 1762 uno
915 1694 1204 1762 archidiaconorum
1224 1694 1454 1781 promulgate,
1475 1694 1511 1760 rb

325 1809 481 1876 uniuersis
504 1810 559 1895 qui
580 1811 615 1876 in
637 1811 757 1897 synodo
780 1817 871 1878 erant
893 1811 1070 1899 approbata
1089 1817 1145 1878 est.
1175 1810 1309 1878 Etcum
1326 1812 1510 1899 episeopus,

326 1927 467 1994 omnium
485 1927 671 1994 auctoritate
685 1928 796 2013 fretus,
819 1928 1035 2015 supradictum
1050 1926 1250 2011 Glerardum)
1267 1928 1436 1996 scolarem
1449 1929 1510 1995 ius·

326 2043 420 2110 sisset
442 2042 621 2129 prebendae
644 2065 720 2112 suae
741 2044 939 2128 integraliter
960 2045 1096 2129 restitui,
1120 2044 1320 2111 adversarius
1345 2047 1424 2113 eius
1442 2044 1510 2112 Gis·

324 2157 463 2226 lebertus
486 2179 550 2226 non
573 2161 593 2226 t
613 2161 772 2227 sententia
793 2166 843 2228 set
865 2160 904 2228 ab
928 2161 1127 2229 exsecutione
1151 2166 1275 2229 vestrae
1303 2161 1509 2228 eelsitudin'n

325 2294 440 2341 nomen
463 2275 643 2362 appellavit.
688 2275 732 2344 Et
754 2277 903 2363 quoniam
926 2283 1049 2345 neonae
1070 2277 1266 2346 auctoritatis
1287 2283 1340 2344 est
1362 2278 1409 2345 de
1433 2299 1507 2365 qua·

325 2390 416 2458 litate
439 2391 686 2479 appellationum
708 2393 864 2478 iudicare,
891 2399 1030 2462 vesum
1051 2393 1277 2463 beatitudinem
1299 2399 1435 2461 attenta
1456 2395 1507 2462 de-

324 2509 451 2574 votione
473 2529 649 2593 exoramus,
673 2514 709 2575 ut
731 2509 952 2597 appellationis
975 2511 1148 2578 remedium
1172 2547 1213 2557 -
1237 2510 1323 2597 quod
1343 2531 1418 2577 non
1437 2517 1505 2577 tan

325 2628 393 2691 tum
424 2623 675 2692 assuetissimis
705 2627 849 2712 patribus
877 2629 994 2695 nostris
1022 2626 1252 2696 venerabilibus
1280 2634 1505 2695 sacrosanctae

324 2740 435 2808 matris
469 2747 597 2809 nostrae
625 2740 785 2810 Romanae
820 2743 990 2812 aecclesiae
1018 2743 1215 2831 pontificibus
1244 2743 1285 2810 ad
1312 2743 1505 2811 relevandas

325 2867 547 2945 oppressorum
571 2879 682 2926 causas
704 2859 912 2947 inspiratione
935 2861 1043 2928 divina
1061 2862 1242 2928 institutum
1256 2865 1314 2944 est
1338 2867 1391 2928 set
1406 2864 1504 2928 etiarn

326 2973 345 3040 d
366 2974 620 3060 prudentissimis
642 2977 732 3061 regni
755 2976 906 3044 secularis
920 2978 1163 3064 imperatoribus
1178 2976 1316 3043 mirabili
1328 2978 1503 3064 providen-

324 3089 371 3156 tia
398 3095 447 3157 est
469 3091 649 3158 ordinatum
672 3127 714 3138 -·
737 3097 827 3160 tanta
849 3094 1038 3162 discretione
1059 3095 1223 3161 moderare
1244 3094 1441 3180 dignemini,
1468 3101 1503 3162 ut

323 3211 454 3292 propter
476 3207 605 3274 frivolas
629 3215 661 3275 et
683 3207 857 3296 superfluas
878 3210 1105 3297 appellantium
1119 3210 1262 3278 licentias
1277 3211 1502 3280 innocentibus

323 3341 388 3387 non
402 3327 545 3389 vertatur
567 3325 601 3390 in
623 3325 804 3412 pernitiem,
828 3327 911 3412 quod
933 3327 1093 3414 oppressis
1115 3328 1278 3414 provisum
1298 3333 1349 3394 est
1364 3328 1399 3394 in
1416 3327 1502 3396 salu·

323 3441 398 3504 tern.
448 3437 516 3506 Hoc
546 3441 642 3508 etiam
670 3446 777 3510 vestra
803 3443 981 3511 sublimitas
1009 3443 1127 3510 malum
1154 3443 1306 3512 radicitus
1331 3450 1501 3532 amputare

323 3573 387 3620 non
409 3551 543 3641 differat,
567 3577 607 3623 ne
630 3557 664 3622 in
682 3559 867 3646 episcopatu
881 3558 1059 3645 Leodiensi,
1083 3561 1139 3647 qui
1151 3580 1276 3648 semper
1290 3561 1331 3628 ab
1345 3561 1408 3629 boc
1421 3561 1499 3630 vitio

324 3669 444 3738 ebenus
467 3671 537 3755 luit,
561 3673 675 3759 uliquis
699 3675 886 3742 ambitiosus
908 3681 1044 3744 mortem
1066 3678 1249 3764 cuiusquam
1269 3676 1321 3746 rel
1340 3677 1499 3746 ematrel

322 3791 428 3873 captet
449 3787 498 3855 vel
526 3788 684 3856 desideret
706 3811 762 3858 seu
783 3791 997 3879 machinetur,
1027 3798 1076 3861 set
1097 3799 1173 3860 tunc
1194 3793 1308 3860 dentur
1330 3795 1499 3863 walaia

322 3902 403 3968 stica
429 3902 595 3992 beneficia,
624 3925 711 3992 cum,
741 3907 911 3977 decedente
937 3930 1074 3997 persona
1094 3909 1291 3998 possidente,
1319 3911 1384 3978 rite
1405 3931 1496 3978 raes·

321 4019 435 4086 verint.

397 4174 418 4208 s.
440 4161 541 4209 Gerardo
557 4179 577 4210 c.
655 4163 678 4212 b.
699 4163 814 4214 (temdus
829 4185 849 4216 o.
927 4181 948 4216 c.
968 4169 1009 4230 qui
1023 4172 1161 4230 acripa'pro
1181 4180 1249 4229 quern
1269 4168 1323 4216 cod.
1401 4168 1424 4215 d.
1442 4170 1495 4230 pasl

802 4381 1014 4393 —————
