3117 4859
339 272 404 341 328
669 286 820 336 nussum
839 285 1026 335 unnsrouuu
1045 284 1101 333 sos
1117 284 1172 333 uon.

233 436 325 496 1149?
338 429 521 501 transitorie
542 428 669 499 solliciti
692 434 777 515 suut,
800 433 834 498 et
854 436 1045 516 congregent
1065 432 1103 497 ut
1122 428 1307 518 dispergunt
1326 433 1360 497 ot
1379 426 1490 516 disper·

338 551 417 635 gunt
430 552 467 615 ut
481 552 680 633 congregent.
708 546 833 615 Ludum
848 548 933 635 pilue
947 548 1086 614 maxime
1098 547 1274 633 imitantur,
1291 548 1345 615 ubi
1359 546 1492 614 ludentes

338 670 371 733 ot
398 684 470 733 cum
498 664 649 733 aviditate
677 670 806 732 sumunt
828 669 860 731 et
881 684 953 732 cum
974 663 1135 733 celeritate
1156 664 1306 748 reiciunt3
1334 662 1382 731 itu
1400 683 1495 750 nequo

337 782 372 849 in
393 781 545 869 cupiendo
567 800 669 869 neque
690 783 725 849 in
746 780 935 849 remittendo
955 780 1085 847 modum
1098 778 1224 848 babent
1257 780 1396 861 Quorum
1410 779 1495 849 disd-

337 898 474 987 plinum,
504 899 533 966 si
559 918 617 966 nos
645 898 767 983 diligis,
795 897 872 966 licet
898 898 938 965 ub
964 898 1107 985 inprobis
1134 896 1328 965 secularibus
1349 896 1496 981 laudetur,

338 1021 488 1102 tunquam
510 1035 665 1083 uenenum
688 1020 721 1083 et
741 1018 877 1082 mortem
900 1013 1023 1083 animno
1045 1014 1209 1083 demtobis
1279 1013 1425 1082 Misimus
1444 1014 1496 1081 tibi

337 1152 396 1221 pro
419 1133 621 1200 monimentis
643 1132 798 1199 librorum
819 1136 997 1199 vestrorum
1018 1131 1186 1217 Origenem
1206 1132 1242 1199 in
1263 1132 1388 1199 onnlieu
1408 1129 1499 1197 cunti·

339 1267 463 1334 corum,
492 1252 525 1317 et
549 1268 609 1335 pro
631 1246 776 1333 Aggellio
797 1248 945 1316 Noctium
968 1247 1162 1335 Atticarum,
1192 1270 1286 1336 quem
1313 1249 1355 1316 ud
1377 1268 1497 1336 precem

337 1366 456 1434 bebere
477 1384 676 1451 nequaquem
697 1366 874 1453 potuimus,
902 1364 1019 1433 librum
1027 1361 1046 1453 ¹,
1075 1387 1169 1453 quem
1190 1364 1290 1435 Grcco
1312 1365 1497 1451 Strutugem-

339 1486 447 1549 moton
468 1486 592 1567 uocant,
616 1481 700 1567 qnod
721 1480 860 1549 militare
883 1488 939 1549 est.

818 1622 1029 1635 -—

342 1712 431 1785 209.
453 1714 589 1797 Quidum
600 1712 741 1782 wibaldo
755 1716 794 1781 de
805 1717 869 1781 eico
879 1717 913 1780 s'o
924 1739 956 1781 ce
967 1716 1122 1808 confictio
1130 1727 1220 1803 grute
1230 1716 1341 1782 scibit
1358 1710 1413 1797 (bl.
1421 1712 1499 1797 207.)

232 1862 324 1923 1149?
429 1848 566 1916 Domino
589 1868 646 1915 suo
669 1847 873 1916 dilectissimo
887 1847 1058 1934 W(ibeldo)
1085 1848 1141 1916 ille
1163 1869 1254 1934 suus,
1277 1847 1427 1936 quicquid
1447 1846 1500 1915 diu'

341 1964 427 2032 credi
449 1963 500 2031 vel
522 1985 592 2032 esse
613 1968 719 2053 potest
739 1965 872 2033 felicius.

431 2078 555 2148 Salutat
575 2102 631 2149 ros
654 2080 708 2149 ille
722 2086 826 2181 vester
843 2103 952 2150 servus
970 2103 1010 2150 ex
1024 2082 1136 2149 intimo
1152 2082 1255 2149 cordis
1270 2078 1395 2169 effectu,
1419 2101 1498 2169 quen

342 2218 475 2285 egenum
497 2198 536 2265 de
558 2198 688 2287 pulvere
703 2200 864 2283 erexistis3
888 2200 942 2286 qui
956 2200 1063 2286 etiem,
1086 2198 1192 2287 sepius
1213 2204 1357 2287 tempore
1376 2196 1499 2266 necessi·

341 2315 417 2383 tatis
432 2313 676 2383 benivolentium
695 2320 835 2383 vestrum
850 2320 1009 2404 expertus,
1031 2336 1095 2382 non
1109 2316 1276 2383 immemor
1290 2314 1499 2383 beneficiorum

342 2436 519 2500 vesborum
542 2452 610 2499 esse
633 2432 721 2522 eupit
742 2454 801 2501 nec
822 2433 974 2518 ingratus.
1010 2430 1091 2499 Sunt
1113 2432 1198 2500 enim
1218 2432 1309 2518 quusi
1323 2432 1397 2500 stilo
1411 2433 1498 2499 ferreo

343 2568 438 2637 super
465 2548 665 2617 latitudinem
694 2550 797 2616 cordis
826 2549 893 2617 eius
921 2554 1065 2635 exoratu,
1095 2570 1136 2616 ne
1163 2571 1304 2637 uuquam
1328 2550 1498 2617 aboleantur

343 2664 449 2751 ulique
482 2670 637 2734 vetustate
666 2672 721 2733 unt
747 2686 855 2733 rerum
881 2667 969 2750 varie
997 2666 1230 2733 succedentium
1257 2666 1309 2734 vel
1334 2672 1497 2753 temporum

343 2780 563 2849 mutabilitate.
600 2781 667 2850 Scit
695 2782 795 2868 enim,
824 2803 918 2868 quem
944 2781 1053 2851 fallere
1080 2803 1173 2850 nemo
1195 2788 1315 2871 potest,
1344 2788 1499 2871 quantum·

344 2919 400 2965 uos
432 2897 566 2966 habeam
599 2899 634 2965 in
663 2899 838 2966 uisceribns
865 2898 936 2966 lesu
966 2898 1099 2985 Christi,
1132 2919 1228 2986 quam
1254 2901 1346 2968 unice
1374 2898 1497 2984 diligam,

345 3035 440 3101 quom
461 3014 572 3082 intime
594 3015 720 3105 cupiam
735 3020 856 3101 cuncte,
880 3036 960 3102 quoe
979 3014 1020 3083 ad
1033 3016 1185 3084 honorem
1199 3022 1341 3085 vestrum
1355 3018 1497 3107 spectnut3

345 3150 404 3198 nec
431 3132 617 3199 memoriam
643 3132 741 3200 vestri
768 3132 952 3199 decaetero
976 3131 1158 3200 oblitterare
1179 3134 1299 3221 poterit
1320 3133 1373 3201 vel
1394 3138 1497 3218 tempo

345 3267 417 3314 rum
438 3246 605 3336 proliritas
628 3248 680 3316 vel
698 3250 839 3317 locorum
855 3248 1079 3335 longinquitas.
1113 3248 1245 3336 Recobt,
1268 3250 1404 3337 domine,
1424 3265 1496 3315 meus

346 3384 427 3449 mee,
449 3370 594 3432 uersatur
615 3365 723 3434 crebro
738 3367 773 3432 in
788 3370 879 3433 antro
894 3365 998 3433 cordis
1012 3366 1086 3451 mei,
1109 3365 1259 3454 quonium
1274 3404 1316 3414 —
1332 3366 1390 3435 filii
1403 3360 1496 3445 Reliul,

346 3478 404 3547 lilii
425 3480 613 3567 iniquitatis,
636 3480 694 3549 filii
717 3504 795 3570 quos
817 3483 991 3549 detestatur
1013 3482 1120 3550 enimn
1141 3503 1223 3570 men,
1246 3483 1301 3570 qui
1323 3480 1495 3573 sepimine

346 3596 442 3664 bristi
470 3603 544 3665 sunt
571 3600 723 3684 sunguine
750 3620 821 3667 meo
851 3603 882 3666 et
910 3599 1019 3666 satiati
1040 3599 1187 3668 carnibus
1209 3601 1306 3685 meis,
1334 3601 1397 3668 nisi
1417 3593 1496 3666 obst

348 3714 471 3798 tissent„
493 3713 556 3781 nisi
580 3714 600 3781 d
620 3735 672 3783 mo
693 3714 819 3783 infelice
839 3737 896 3783 uos
919 3717 1019 3801 magis
1041 3716 1197 3784 invidiose
1220 3738 1314 3803 quom
1331 3719 1410 3785 inste
1424 3732 1495 3783 ever·

348 3829 461 3897 iissent
476 3866 518 3877 -
533 3828 708 3916 longiorem
729 3830 763 3897 in
787 3838 955 3921 conspectu
982 3832 1103 3918 gratioe
1124 3839 1249 3902 vestrae
1269 3830 1494 3902 misericordium

348 3947 548 4015 invenissem
585 3946 640 4015 Set
667 3948 745 4015 bcec
772 3949 879 4015 omnio
906 3950 941 4015 in
961 3970 1058 4018 monn
1079 3950 1142 4018 Dei
1162 3951 1299 4019 viventis
1322 3944 1493 4025 commendo,

350 4063 404 4149 qni
426 4063 536 4132 reddet
557 4063 725 4151 unicuique
747 4064 839 4130 iuxtu
861 4064 1114 4134 adinventionem
1134 4068 1260 4136 riorum
1282 4089 1416 4137 suerum
1444 4058 1492 4128 Ol

350 4198 437 4247 seoro
461 4186 566 4247 autom
587 4180 725 4269 profuse,
752 4201 794 4247 ne
815 4182 954 4266 graviter
976 4184 1150 4271 accipietis,
1179 4207 1240 4273 que
1262 4186 1345 4273 dico,
1369 4179 1490 4273 quonium

423 4334 444 4367 u.
465 4326 564 4384 coquite
578 4325 655 4370 bern
671 4326 693 4371 tu
710 4324 761 4372 cod.
777 4322 857 4371 fullero
871 4338 938 4374 nemo
952 4328 1037 4387 potest,
1052 4330 1169 4389 quuntoun

423 4407 447 4461 1.
471 4408 520 4478 qul
537 4410 669 4467 Frontino
686 4409 801 4467 attribui
818 4410 899 4468 solet.
