3117 4859
313 223 358 292 62
624 238 926 290 ousosoonsrrrus
948 239 1169 290 consumssrs

224 386 295 516 Rip
403 434 420 468 „
430 383 553 450 Domno
567 381 728 468 Ellvingo)
743 405 819 452 suus
834 383 1043 467 llsenboldus)
1058 383 1225 468 diligenter
1245 381 1419 467 attendero,
1441 399 1481 449 ue

312 519 477 588 processus
500 499 664 566 estimatus
686 498 743 567 fiat
764 505 966 568 retrocessus.

400 614 555 695 Quoniam
568 615 771 683 lacrimam
786 616 926 684 convalle
940 617 1004 682 iarn
1019 633 1100 702 pene
1114 619 1308 699 transcenso,
1326 613 1368 680 ad
1381 613 1481 700 ipsius

313 733 399 820 pacis
420 733 576 799 visionem
597 733 730 801 defecati
752 733 856 800 cordis
878 733 1144 820 elucubrationem
1159 730 1324 814 anhelatis,
1348 730 1483 796 fortasse

311 848 441 916 videbor
468 850 626 933 ingratus,
655 850 683 915 si
709 849 751 916 ad
773 851 857 936 cepti
879 850 977 916 vestri
998 869 1062 916 non
1085 847 1275 935 applaudam
1298 853 1481 934 apparatus

313 964 369 1034 Set
390 964 623 1032 adtendendum
645 985 752 1051 queso,
775 985 847 1032 oum
863 965 1027 1050 quidboni
1042 966 1146 1052 operis
1161 963 1373 1048 aggredimur,
1397 964 1482 1030 intus

312 1087 422 1149 eontra
443 1080 600 1148 occultum
620 1087 780 1168 raptorem
803 1082 953 1150 attentius
974 1081 1150 1166 vigilemus,
1173 1101 1213 1148 ne
1236 1080 1311 1146 duur
1334 1080 1415 1146 foris
1430 1099 1483 1146 ve

312 1197 390 1265 uilla
414 1198 569 1266 virtutum
595 1197 630 1264 in
657 1197 757 1264 altum
786 1199 990 1285 porrigimus,
1018 1199 1103 1264 intus
1126 1197 1166 1264 ab
1188 1197 1370 1284 inopinato·
1393 1196 1484 1263 hoste

312 1315 439 1400 gravim
466 1333 662 1402 occupemur.
707 1313 843 1382 Probata
870 1314 991 1400 itaque,
1021 1315 1050 1381 si
1077 1333 1117 1380 ex
1140 1313 1207 1380 Deo
1236 1319 1311 1380 sunt
1338 1313 1483 1400 spiritus,

312 1430 511 1518 perpendite,
540 1451 581 1497 ne
608 1430 693 1516 quod
720 1431 895 1497 devotionis
924 1431 1065 1515 suggerit
1085 1429 1246 1514 voluntas,
1276 1429 1484 1517 professionis

313 1548 493 1616 dissuadeat
517 1547 675 1614 honestes.
720 1546 908 1634 Plerumque
931 1547 1047 1613 etenim
1070 1545 1268 1612 adversarius
1290 1551 1402 1612 noster
1424 1547 1485 1612 cir-

312 1665 441 1750 cuiens,
463 1663 597 1732 nocendi
617 1663 722 1730 locum
743 1683 876 1749 querens
898 1683 957 1731 nec
978 1662 1157 1747 inveniens,
1187 1669 1272 1730 artes
1293 1662 1485 1750 reciprocat,

313 1781 395 1849 vada
421 1785 629 1869 pretemptat,
664 1782 762 1847 sicam
790 1779 947 1846 latrocinii
976 1781 1070 1864 tegit,
1104 1777 1272 1864 figurativa
1299 1778 1485 1846 inductione

313 1898 427 1984 illudit,
450 1899 600 1966 corticem
622 1897 756 1983 denique
777 1896 857 1963 lucis
873 1901 1019 1980 ostentet,
1043 1913 1104 1982 quo
1119 1895 1320 1982 postmodum
1335 1895 1485 1962 tenebra·

312 2035 384 2092 rum
405 2014 558 2082 medullas
580 2013 764 2081 subinferat
799 2012 885 2080 lutor
907 2033 967 2098 que
989 2013 1095 2080 omnia
1118 2011 1253 2078 sollicita
1267 2012 1400 2098 spiritus
1417 2019 1485 2080 tru-

312 2131 495 2198 tinstissimi
517 2131 705 2198 discretione
727 2129 878 2196 utendum
901 2129 1052 2214 arbitror,
1078 2149 1119 2196 ne
1142 2128 1225 2215 quod
1247 2133 1379 2214 putatur
1401 2131 1486 2195 anti-

313 2248 432 2333 dotum,
454 2247 567 2315 veneni
589 2252 712 2314 acescat
733 2247 766 2312 iu
790 2245 946 2332 poculum.
984 2243 1120 2324 Queritis
1142 2245 1260 2330 itaque,
1283 2263 1324 2310 an
1346 2244 1484 2332 placeat,

313 2369 349 2431 ut
371 2363 540 2431 Ierusalem
555 2363 807 2450 proficiscamini.
842 2361 949 2428 laudo
966 2361 1049 2446 quod
1064 2361 1211 2446 queritis3
1234 2362 1300 2428 iarn
1316 2363 1402 2428 enim
1418 2362 1485 2429 dis·

313 2482 432 2548 cretira
451 2481 582 2568 spiritus
604 2479 852 2547 consideratione
874 2479 922 2545 uti
944 2477 1103 2545 videmini.
1137 2475 1273 2544 Adicitis
1295 2499 1423 2565 quoque
1446 2479 1485 2546 de

312 2597 474 2665 Abraham
496 2597 757 2684 peregrinatione,
785 2594 823 2662 de
844 2593 958 2660 Lazari
980 2592 1153 2678 euangelici
1174 2593 1260 2660 illius
1283 2601 1484 2682 paupertate,

314 2735 446 2801 quorum
468 2713 599 2781 alterius
621 2713 765 2796 exulatu,
791 2711 919 2778 alterius
942 2710 1094 2776 tenuitate
1116 2711 1397 2779 consummationis
1419 2717 1485 2780 tor-

312 2830 434 2898 minum
462 2831 570 2898 sortiri
600 2828 800 2913 desideratis,
829 2833 865 2894 ut
891 2827 1060 2894 secundum
1090 2826 1282 2914 apostolum,
1310 2828 1387 2894 dum
1410 2829 1484 2916 plus

311 2946 472 3032 laboratis,
495 2947 567 3034 plus
589 2947 742 3014 mercedis
765 2944 937 3031 accipiatis.
972 2943 1032 3010 Ast
1052 2963 1119 3028 ego,
1141 2944 1177 3010 ni
1191 2943 1294 3030 fallor,
1317 2945 1484 3032 utriusque

312 3069 425 3152 typum
445 3083 502 3130 vos
524 3065 587 3129 iam
610 3063 732 3150 pridem
754 3062 890 3146 gessisse
911 3060 1066 3144 existimo,
1090 3079 1162 3126 cum
1177 3061 1343 3146 universis,
1367 3063 1484 3148 quibus

312 3180 423 3246 mundi
443 3180 536 3247 huius
558 3179 686 3246 fulcitur
700 3179 844 3263 ambicio,
868 3179 901 3244 in
916 3176 1175 3263 concupiscentiis
1191 3197 1229 3244 ac
1242 3178 1368 3265 pompis
1383 3179 1484 3246 seculi

314 3295 571 3364 abrsnunciastis.
617 3296 666 3363 De
692 3301 777 3363 terra
805 3295 921 3382 quippe
947 3298 1053 3360 vestra
1080 3313 1151 3360 cum
1174 3292 1335 3361 Abraham
1358 3296 1482 3382 existis,

313 3431 395 3496 cum,
418 3433 479 3498 que
499 3412 578 3479 foris
599 3412 819 3498 possederatis,
842 3417 968 3478 terrene
989 3410 1072 3478 bona
1085 3409 1267 3496 reliquistis.
1302 3411 1351 3478 De
1366 3429 1483 3497 cogna-

312 3529 399 3597 tione
420 3534 528 3597 vestra
549 3529 674 3614 existis,
701 3548 788 3613 cum,
813 3547 873 3614 que
894 3527 1057 3594 nobiseum
1079 3531 1148 3593 orta
1170 3533 1253 3614 sunt,
1277 3527 1367 3594 viciis
1391 3529 1483 3596 abre·

311 3646 493 3714 nuntiastis.
529 3646 577 3713 De
592 3646 684 3713 domo
698 3645 801 3733 patris
817 3645 937 3729 existis,
958 3663 1039 3729 curn,
1060 3645 1174 3732 spretis
1191 3644 1335 3711 omnibus
1349 3652 1484 3733 propter

311 3763 425 3850 Deum,
440 3769 562 3831 vosmet
576 3763 682 3851 ipsum
695 3763 885 3848 abnegastis.
913 3761 1033 3827 Domus
1049 3760 1132 3827 euim
1147 3761 1246 3848 patris
1262 3761 1364 3828 nostri
1373 3762 1482 3849 ipsum

312 3888 360 3950 est
381 3902 435 3950 cor
456 3887 610 3965 nostrum,
633 3880 781 3965 quoniam
803 3885 894 3967 pater
915 3883 1023 3945 noster
1044 3877 1166 3945 habitat
1188 3878 1221 3943 in
1243 3878 1343 3945 nobis.
1384 3877 1481 3947 Pater

311 4004 418 4067 noster
438 3999 561 4086 primus
583 3995 725 4063 diabolus
747 3995 808 4062 luit
829 3995 999 4062 secundum
1021 3992 1229 4080 nativitatem,
1253 4015 1316 4081 qua
1336 3995 1406 4060 nati
1426 4017 1480 4062 su-

311 4136 397 4199 mus3
419 4122 511 4203 pater
532 4119 639 4180 noster
660 4112 815 4180 secundus
835 4111 920 4180 Deus
936 4117 985 4178 est
998 4111 1169 4178 secundum
1184 4112 1391 4196 nativitatem,
1417 4133 1481 4199 qua

310 4231 414 4300 renati
436 4251 561 4313 sumus3
589 4236 621 4298 et
640 4229 709 4298 vult
729 4235 864 4316 uterque
882 4234 973 4317 pater
994 4228 1137 4296 habitare
1160 4229 1193 4294 in
1214 4227 1288 4296 filiis
1311 4229 1386 4312 suis,
1411 4229 1480 4297 dia·

372 4389 394 4424 s.
410 4374 438 4423 ab
454 4374 602 4436 obiuopiusto
618 4391 638 4422 c.
