3117 4859
332 249 397 317 296
657 264 806 313 wmsrmr
826 263 1014 313 semrom
1034 260 1174 309 ors-rso.

245 414 315 472 1149
331 407 501 477 renitentes
526 406 709 494 effecerunt,
738 412 775 474 nt
796 428 851 475 eos
872 408 907 474 in
929 406 1065 492 gratiam
1086 404 1299 493 reciperemus
1323 406 1355 471 et
1372 406 1433 469 hm
1450 401 1483 469 de

332 546 439 594 eornm
462 529 589 611 peccato
612 544 706 612 quam
729 526 768 593 do
789 544 872 611 pene
894 530 927 593 et
947 523 1163 592 satisfactione
1183 542 1221 589 ex
1237 518 1369 588 oonsilio
1382 524 1485 585 aaa·

331 642 431 710 unua
444 646 551 709 vestra
572 646 605 708 et
625 640 880 709 ministerialium
895 639 1093 708 Gorbeiensis
1116 638 1266 706 ccclesiae
1284 635 1486 703 diffiniemus

331 758 508 846 Eapropter
537 758 719 846 scripsimus
749 757 875 824 domino
903 763 1012 824 nostro
1033 755 1300 825 Patherburnensi
1328 747 1488 841 episcopo¹,

331 880 368 941 ut
395 894 447 943 sos
470 874 511 942 ab
533 874 864 943 excommunicationis
886 874 1028 958 uinculo,
1059 894 1121 960 quo
1142 872 1287 939 innodati
1308 877 1413 955 erant,
1439 868 1490 936 ml

331 990 492 1078 predictae
514 991 702 1059 conditionis
724 988 874 1057 firmitate
896 990 1048 1076 absolvat,
1071 996 1103 1057 et
1116 1010 1216 1076 nsque
1234 988 1274 1055 ad
1291 988 1428 1057 reditum
1440 1006 1491 1055 no·

333 1114 433 1175 strum
457 1109 497 1176 ad
520 1128 575 1175 vos
598 1126 709 1195 pacem
733 1126 786 1174 cos
807 1106 843 1173 in
863 1112 951 1174 terra
972 1106 1088 1174 habere
1109 1108 1281 1195 permittat

336 1338 421 1410 175.
444 1340 598 1409 Geroldas
620 1342 715 1408 ottus
739 1340 772 1408 S.
789 1341 876 1407 Petri
899 1340 1155 1407 Soleomiuceusie
1174 1340 1316 1406 Widoldo
1338 1340 1443 1405 suddit
1461 1338 1495 1403 de

442 1460 506 1523 eru
529 1459 676 1545 mspusdis
695 1480 755 1545 pes·
774 1468 914 1523 eoactum
935 1457 1118 1522 Rernuelum
1138 1457 1272 1523 mitoda.
1345 1452 1399 1535 (ll.
1415 1453 1494 1533 159.)

245 1592 315 1648 1149
421 1588 594 1657 Karissimo
617 1595 724 1657 nostro
749 1596 875 1658 etcum
897 1590 983 1657 omni
1005 1589 1182 1657 reverentia
1202 1588 1394 1655 nominando
1413 1586 1494 1669 Glut-

332 1706 437 1790 baldo)
471 1706 585 1773 domno
619 1706 725 1774 abbati
756 1705 864 1775 Sancti
891 1706 1031 1774 Remacli
1059 1707 1098 1773 de
1124 1704 1297 1773 Arduenna
1323 1704 1494 1787 Gteraldus)

333 1843 425 1907 snus,
453 1822 549 1890 abbas
579 1820 687 1889 Sancti
707 1821 796 1891 Petri
818 1818 1045 1909 Sollemniaci¹,
1075 1823 1114 1889 de
1141 1823 1257 1890 virtute
1285 1823 1319 1889 in
1342 1823 1494 1903 urtutsm

333 1939 439 2007 videre
461 1938 564 2006 Deum
586 1939 715 2006 deorum
736 1940 771 2005 in
794 1934 906 2027 Syon⁸.

422 2054 507 2123 Ante
540 2056 645 2123 omnia
674 2056 761 2123 vobis
795 2056 957 2124 karissimi
983 2055 1135 2143 petimus,
1170 2055 1318 2142 quatinus
1345 2052 1496 2120 communi

333 2171 418 2261 patri
439 2178 547 2238 nostro
570 2177 677 2239 sancto
692 2171 839 2240 Remaolo
861 2173 980 2257 gratias
1003 2192 1095 2257 agere
1118 2177 1150 2239 et
1171 2192 1280 2259 preces
1296 2172 1418 2259 pariter
1430 2170 1496 2237 iun·

334 2290 423 2374 dere,
452 2293 490 2355 ut
515 2286 573 2355 filii
603 2289 783 2374 domestici,
811 2310 869 2377 pro
896 2289 987 2357 nobis
1009 2288 1160 2356 iratribus
1182 2287 1296 2355 amuis
1319 2287 1494 2373 dignemini

335 2404 459 2472 Gratiae
483 2404 622 2491 inquam,
646 2406 719 2493 quia
740 2426 809 2491 nos,
833 2405 1006 2494 opitulante
1021 2405 1099 2490 Deo,
1123 2406 1161 2473 dc
1183 2384 1308 2489 magnis
1327 2403 1496 2473 tribulatio

232 2608 238 2619 Ι
333 2521 425 2589 nibus
453 2522 542 2609 pius·
570 2527 662 2610 pater
690 2527 795 2590 erutos
816 2522 852 2588 in
872 2543 989 2607 magna
1010 2542 1089 2610 pace
1111 2522 1151 2589 ad
1173 2542 1302 2610 presens
1325 2522 1495 2600 constitnit3

334 2656 443 2726 preces
462 2638 558 2705 ctiam
572 2638 815 2706 nichilhominus
830 2638 961 2707 fundere
977 2658 1083 2725 queso,
1107 2639 1263 2725 quatinus,
1278 2639 1362 2705 sicut
1377 2644 1496 2704 autenm

334 2756 415 2823 bene
429 2755 601 2839 consucvit,
616 2757 809 2844 patrocinari
823 2776 881 2823 nos
892 2776 992 2842 usque
1006 2756 1040 2821 in
1053 2761 1214 2823 aeternum
1224 2774 1288 2821 non
1299 2753 1433 2821 desinat
1454 2752 1497 2819 oo

335 2873 448 2939 vestris
464 2876 570 2939 autem
584 2871 824 2939 necessitatibus
842 2874 922 2940 scire
935 2872 1091 2957 uolumus,
1107 2872 1260 2958 quomodo
1274 2892 1351 2955 erga
1361 2891 1417 2938 vos
1432 2870 1496 2957 pins

335 2994 426 3077 pater
442 2993 474 3056 et
488 2994 640 3076 patronus
655 2992 802 3077 operetur
817 2993 849 3056 ct
863 2989 1044 3078 opituletur.
1063 2988 1183 3073 veles,
1197 2988 1311 3055 frates
1327 2991 1360 3054 ct
1375 2986 1495 3055 domini.

341 3198 426 3270 176.
445 3202 603 3269 Ws'doldus
623 3201 759 3269 Geraldo
784 3204 888 3269 addo&
911 3201 1151 3269 selenciam
1173 3202 1312 3296 officiose
1332 3202 1498 3290 respondet

447 3318 537 3400 Petit,
560 3330 595 3383 at
617 3329 750 3406 quassos
771 3320 926 3385 menindus
947 3320 1006 3385 soi
1026 3322 1134 3385 oscae
1346 3316 1497 3397 (11160.)

249 3463 318 3519 1149
426 3450 606 3518 Reuerendo
634 3450 719 3539 patri
747 3471 804 3518 sno
832 3455 864 3518 et
891 3452 1018 3519 domino
1040 3450 1200 3535 Gteraldo)
1223 3455 1350 3518 amotae
1372 3450 1497 3517 Sollem-

337 3568 492 3635 niacensis
509 3565 677 3635 aecclesiae
691 3566 865 3635 venerabili
879 3567 985 3636 abbati
1000 3573 1033 3636 et
1045 3569 1196 3635 fratribus
1209 3568 1327 3636 ibidem
1338 3566 1407 3634 Deo
1421 3565 1497 3634 mili·

337 3684 477 3752 tantibus
492 3685 591 3751 frater
603 3681 775 3751 Guibaldus
787 3684 848 3751 Dei
860 3686 963 3769 gratia
973 3684 1122 3753 ecelesiae
1136 3685 1221 3753 beati
1230 3683 1369 3751 Remacli
1385 3704 1497 3765 servus,

338 3822 417 3889 quae
441 3806 490 3867 est
510 3801 544 3867 in
560 3800 738 3886 stabulans,
762 3801 894 3868 salutem
915 3803 948 3867 in
964 3784 1019 3887 eo,
1034 3802 1089 3888 qui
1103 3802 1232 3868 mandat
1253 3800 1369 3868 salutes
1384 3796 1496 3868 {acolt

425 3916 552 3985 Litcrae
573 3924 697 3985 uestrae
722 3917 764 3984 ad
784 3938 842 3985 nos
865 3939 922 4006 per
942 3938 1056 4006 pueros
1078 3924 1199 3986 uestros
1221 3917 1360 4005 perlatae
1381 3922 1499 3983 uestrae

337 4035 555 4124 prosperitatis
585 4040 617 4102 et
645 4035 806 4122 sospitatis
828 4035 947 4102 indices
969 4034 1111 4117 fuerunt3
1140 4054 1220 4121 quae
1241 4038 1329 4100 muto
1351 4054 1410 4100 nos
1430 4052 1498 4120 pro-

337 4154 482 4240 pensiore
504 4150 618 4237 gaudio
640 4151 851 4240 repleverunt,
874 4150 1010 4238 quanto*
1031 4171 1090 4239 per
1111 4152 1197 4239 ipsas
1214 4151 1330 4217 inimus
1345 4151 1496 4231 certiores,

409 4309 436 4434 1.
448 4293 623 4437 111111111111111.
633 4295 702 4435 (μζ.
719 4312 810 4437 diosc.
823 4380 1038 4438 lemovicensis.
1091 4381 1117 4437 d.
1132 4381 1179 4437 ΡΙ.
1190 4380 1233 4451 83,
1244 4380 1271 4436 8.
1325 4380 1352 4437 4.
1366 4378 1411 4435 Ps.
1422 4376 1492 4447 425
