3117 4859
410 258 559 309 wunsam
579 256 767 308 mucrones
790 257 844 306 cce
860 259 914 308 sss.
1177 241 1245 312 488

64 396 221 481 draginta
247 397 315 466 dies
336 404 410 485 post
430 399 706 468 commonitionem
728 401 895 468 memorati
914 400 1024 468 trabis
1044 400 1148 470 nostri
1167 401 1335 526 Ait-1152

63 512 173 596 rioldi)
208 514 435 604 arehiepiooopi
462 516 561 584 vostri
588 517 803 602 possessiones
829 517 916 604 ipsas
943 517 1047 596 eidem
1076 479 1311 584 stercolesioelab

63 631 285 717 restituerint,
315 632 545 702 ecclesiasticae
572 633 854 702 animadversionis
878 652 1031 702 musurae
1053 633 1244 701 subiaceant

62 745 160 814 Data
180 745 308 832 Signiae
330 751 351 816 6
373 747 447 818 Idus
469 749 618 818 Ianuarii.

65 958 165 1032 349.
185 961 346 1052 Eepcrrr'm
360 964 423 1030 ΙΙΙ
441 987 533 1054 papo
558 966 701 1032 Conrado
721 963 778 1031 ΙΙΙ
797 965 866 1052 cepi
893 965 1048 1056 sipm'ficot
1073 964 1112 1029 de
1139 963 1247 1050 tepetis

186 1082 250 1145 cios
272 1082 400 1168 beoipoe
420 1085 565 1170 receptio,
594 1081 632 1147 de
655 1081 795 1146 Amoldo
819 1080 1050 1168 archiepiscopo
1075 1080 1248 1146 Coloniensi

186 1197 382 1282 confluente,
413 1199 452 1262 de
474 1197 657 1286 Mopaatino
684 1207 713 1262 ct
736 1196 899 1262 Brcmcrwi
920 1195 1158 1283 archiepiscopis
1180 1218 1246 1261 am-

181 1312 299 1398 pliciis
1083 1308 1138 1392 (Μ.
1156 1309 1246 1393 327.)

164 1441 335 1512 Domuus
362 1463 463 1533 papa
484 1443 714 1530 E(ugenius)
737 1443 993 1512 Romanorum
1020 1443 1107 1528 regi
1128 1441 1247 1527 cpu—
1266 1449 1338 1570 ἓξὲξ

65 1559 197 1641 rado)

164 1675 288 1754 Quanto
309 1676 415 1764 sepius
437 1676 477 1744 de
498 1675 724 1744 ineolumitatis
742 1680 817 1743 tuse
831 1679 917 1742 statu
932 1680 965 1742 et
978 1674 1063 1743 bona
1074 1674 1247 1760 uoluntate,

68 1811 171 1878 quam
198 1813 274 1877 erga
301 1792 429 1860 beatum
456 1792 602 1878 Petrum,
632 1791 770 1860 celorum
798 1792 890 1876 regui
916 1791 1124 1876 olavigorum,
1152 1795 1247 1877 atque

67 1913 210 1976 matrem
231 1914 319 1976 tuam
343 1915 574 1976 sacrosanctam
588 1907 764 1976 Romanam
786 1906 970 1976 aecclesiam
990 1927 1100 1992 gerere
1123 1907 1247 1992 diceris

67 2045 133 2112 per
148 2024 269 2093 litteras
285 2029 318 2093 et
330 2026 461 2092 nuncios
476 2023 727 2110 magnificentiae
740 2030 815 2092 tuae
829 2024 1025 2108 instruimur,
1042 2028 1131 2090 tanto
1145 2023 1248 2108 magis

70 2160 113 2209 ao
142 2142 242 2226 magis
268 2142 419 2227 gaudium
441 2147 474 2209 et
493 2141 652 2210 laetioiem
673 2142 709 2209 iu
729 2142 847 2208 nostris
869 2141 1028 2208 mentibus
1050 2139 1160 2207 diebus
1183 2141 1248 2206 siu·

69 2257 158 2342 gulis
186 2262 421 2343 augmentatur,
450 2277 504 2325 eor
530 2263 674 2326 nostrum
697 2257 737 2326 sd
759 2277 899 2325 amorem
919 2260 1011 2323 tuum
1031 2255 1249 2323 vehementius

70 2371 190 2442 affeetu
211 2380 342 2461 paterno
366 2373 546 2442 accenditur
569 2381 601 2442 et
623 2374 664 2442 ad
687 2373 899 2442 exaudiendas
920 2371 1148 2460 postulationes
1164 2376 1248 2457 tuas,

69 2491 109 2557 iu
133 2495 285 2576 quantum
306 2511 379 2558 oum
400 2489 469 2558 Deo
491 2510 676 2578 possumus,
702 2509 795 2556 aures
816 2487 978 2558 benivolas
1001 2487 1247 2571 commodamus.

69 2605 153 2674 lude
167 2611 226 2691 est,
244 2607 328 2693 quod
341 2607 521 2675 uenientem
534 2607 666 2674 fratrom
679 2610 824 2674 nostrum
837 2603 1016 2671 Aruoldum
1029 2603 1248 2672 Golonieusem

71 2721 347 2810 archiepiscopum
369 2728 402 2791 et
424 2723 554 2792 dilectos
568 2721 650 2790 filios
664 2726 790 2790 nostros
804 2719 1010 2805 Wtibnldum)
1026 2720 1249 2789 eorbeieusem

71 2838 222 2908 abbatm
245 2843 276 2906 et
297 2840 484 2924 magistrum
498 2838 707 2922 H(eim·iouu1)
731 2836 890 2906 notarium
910 2841 1011 2922 tuum,
1035 2857 1114 2926 quos
1136 2837 1178 2904 od
1191 2856 1248 2903 uo-

71 2960 176 3024 stram
196 2957 390 3042 presentiam
411 2960 467 3024 tua
494 2957 645 3024 serenitas
675 2954 859 3039 destinauit,
889 2958 1049 3039 tamquam
1077 2953 1248 3041 prudentes

72 3077 108 3141 et
134 3071 306 3140 industrios
334 3073 419 3140 viros
448 3073 554 3140 debita
580 3073 773 3158 benignitate
796 3070 1008 3157 suscepimus,
1030 3070 1161 3137 honeste
1182 3074 1248 3138 tra·

71 3188 245 3274 otavimus,
268 3195 301 3256 et
321 3187 527 3276 petitionibus
547 3189 622 3275 tuis,
645 3209 722 3276 quae
738 3193 770 3254 et
784 3185 899 3254 litteris
914 3191 947 3254 et
961 3207 1070 3254 eorum
1084 3186 1158 3255 uiua
1171 3207 1248 3255 vooe

71 3303 299 3390 intelleximus,
326 3306 408 3372 siout
428 3304 541 3372 honori
561 3303 623 3371 Dei
645 3308 677 3372 et
698 3304 789 3390 regui
809 3303 941 3370 utilitati
963 3304 1113 3391 expedire
1134 3322 1248 3388 cogno·
1392 3290 1396 3295 ’

73 3420 190 3506 rimus,
213 3425 338 3506 gratum
362 3441 525 3490 assensum
545 3420 738 3508 prebuimus.
769 3419 951 3487 Prediotum
964 3439 1101 3506 namque
1115 3419 1249 3488 tranem

73 3542 233 3623 noenum,
262 3537 337 3604 lioet
361 3537 497 3604 invitum
517 3541 550 3604 et
571 3537 760 3604 renitentem
783 3541 877 3622 atque
898 3535 1102 3603 lacrimarum
1123 3536 1247 3622 oopiam

74 3652 302 3739 effundentem,
332 3653 373 3720 ad
400 3651 589 3740 pontificalis
617 3652 779 3736 dignitatis
810 3652 932 3740 apicem
957 3650 1093 3718 Domino
1121 3657 1248 3718 auctore

73 3770 306 3858 promovimus3
330 3775 362 3837 et
376 3768 605 3838 venerabilibus
619 3767 770 3836 iratribus
793 3768 911 3836 nostris
926 3766 1100 3852 Hleinrioo)
1115 3765 1247 3853 Magnu-

73 3888 142 3954 tino
166 3891 199 3953 et
219 3885 386 3970 Atrtwico)
408 3884 571 3953 Bremensi
595 3884 838 3973 archiepiscopis
860 3882 1006 3973 prolixos¹
1020 3883 1172 3952 terminos
1193 3904 1248 3951 uo·

74 4002 184 4070 niondi
207 4001 247 4070 sd
268 4023 326 4070 nos
343 4000 615 4090 prolongavimus3
638 4005 671 4068 et
691 4005 759 4068 tam
779 4001 867 4090 ipsos
890 4021 986 4087 quam
1000 4000 1078 4067 alios
1093 3999 1247 4088 archiepi-

75 4139 187 4208 scopos
203 4118 368 4206 episeopus
383 4119 449 4186 sivo
463 4118 622 4207 principes
637 4117 728 4203 regui
741 4117 790 4182 tui
804 4115 846 4182 ad
860 4116 1026 4184 servitium
1039 4120 1131 4184 tuum
1145 4122 1179 4184 et
1193 4137 1248 4184 ex·

73 4236 279 4326 politionem,
290 4257 385 4324 quam
397 4235 438 4304 ad
448 4235 599 4304 honorem
607 4233 684 4304 Dei·
697 4239 729 4302 ot
739 4231 910 4302 aecclesiae
920 4253 996 4302 suso
1010 4237 1138 4302 emotae
1154 4237 1249 4320 atquo

146 4394 168 4429 a
188 4377 233 4428 Dei
248 4379 341 4428 addicti.

976 4461 1036 4521 31*
