<?xml version="1.0" encoding="UTF-8"?>
<!DOCTYPE html PUBLIC "-//W3C//DTD XHTML 1.0 Transitional//EN"
    "http://www.w3.org/TR/xhtml1/DTD/xhtml1-transitional.dtd">
<html xmlns="http://www.w3.org/1999/xhtml" xml:lang="en" lang="en">
 <head>
  <title>
</title>
<meta http-equiv="Content-Type" content="text/html;charset=utf-8" />
  <meta name='ocr-system' content='tesseract 3.04.00' />
  <meta name='ocr-capabilities' content='ocr_page ocr_carea ocr_par ocr_line ocrx_word'/>
</head>
<body>
  <div class='ocr_page' id='page_1' title='image "./bibliothecareru05jaffgoog_0491.png"; bbox 0 0 3117 4859; ppageno 0'>
   <div class='ocr_carea' id='block_1_1' title="bbox 382 246 1219 314">
    <p class='ocr_par' dir='ltr' id='par_1_1' title="bbox 382 246 1219 314">
     <span class='ocr_line' id='line_1_1' title="bbox 382 246 1219 314; baseline 0.008 -7"><span class='ocrx_word' id='word_1_1' title='bbox 382 258 532 308; x_wconf 77' lang='lat' dir='ltr'>wunsam</span> <span class='ocrx_word' id='word_1_2' title='bbox 551 258 739 308; x_wconf 68' lang='lat' dir='ltr'>numanum</span> <span class='ocrx_word' id='word_1_3' title='bbox 763 257 817 306; x_wconf 83' lang='lat' dir='ltr'>aaa.</span> <span class='ocrx_word' id='word_1_4' title='bbox 832 259 888 308; x_wconf 83' lang='lat' dir='ltr'>aaa.</span> <span class='ocrx_word' id='word_1_5' title='bbox 1152 246 1219 314; x_wconf 77' lang='grc'>489</span> 
     </span>
    </p>
   </div>
   <div class='ocr_carea' id='block_1_2' title="bbox 45 398 1220 610">
    <p class='ocr_par' dir='ltr' id='par_1_2' title="bbox 45 398 1220 610">
     <span class='ocr_line' id='line_1_2' title="bbox 45 398 1219 492; baseline 0.003 -20"><span class='ocrx_word' id='word_1_6' title='bbox 45 398 138 472; x_wconf 85' lang='grc'><strong>359.</strong></span> <span class='ocrx_word' id='word_1_7' title='bbox 160 400 322 490; x_wconf 80' lang='lat' dir='ltr'>Eupssar&#39;ss</span> <span class='ocrx_word' id='word_1_8' title='bbox 341 402 404 469; x_wconf 91' lang='grc' dir='ltr'>ΙΙΙ</span> <span class='ocrx_word' id='word_1_9' title='bbox 421 427 513 492; x_wconf 84' lang='lat' dir='ltr'>papa</span> <span class='ocrx_word' id='word_1_10' title='bbox 535 402 716 472; x_wconf 71' lang='lat' dir='ltr'>Hammona</span> <span class='ocrx_word' id='word_1_11' title='bbox 744 406 889 492; x_wconf 75' lang='lat' dir='ltr'>epiceopo</span> <span class='ocrx_word' id='word_1_12' title='bbox 910 405 1058 474; x_wconf 65' lang='lat' dir='ltr'>Veram</span> <span class='ocrx_word' id='word_1_13' title='bbox 1080 407 1219 489; x_wconf 73' lang='lat' dir='ltr'>mandat,</span> 
     </span>
     <span class='ocr_line' id='line_1_3' title="bbox 161 520 1220 610; baseline 0.004 -24"><span class='ocrx_word' id='word_1_14' title='bbox 161 532 253 604; x_wconf 72' lang='lat' dir='ltr'>aeret,</span> <span class='ocrx_word' id='word_1_15' title='bbox 276 531 311 586; x_wconf 82' lang='lat' dir='ltr'>ut</span> <span class='ocrx_word' id='word_1_16' title='bbox 324 523 508 588; x_wconf 63' lang='lat' dir='ltr'>amaranto</span> <span class='ocrx_word' id='word_1_17' title='bbox 523 520 740 588; x_wconf 80' lang='lat' dir='ltr'>Kame‘aatensi</span> <span class='ocrx_word' id='word_1_18' title='bbox 755 522 901 610; x_wconf 67' lang='lat' dir='ltr'>aucupa</span> <span class='ocrx_word' id='word_1_19' title='bbox 915 524 997 590; x_wconf 77' lang='lat' dir='ltr'>dorsa</span> <span class='ocrx_word' id='word_1_20' title='bbox 1009 525 1220 590; x_wconf 70' lang='lat' dir='ltr'>restituuntor.</span> 
     </span>
    </p>
   </div>
   <div class='ocr_carea' id='block_1_3' title="bbox 1057 636 1220 721">
    <p class='ocr_par' dir='ltr' id='par_1_3' title="bbox 1057 636 1220 721">
     <span class='ocr_line' id='line_1_4' title="bbox 1057 636 1220 721; baseline 0.012 -17"><span class='ocrx_word' id='word_1_21' title='bbox 1057 636 1112 720; x_wconf 83' lang='lat' dir='ltr'>(m</span> <span class='ocrx_word' id='word_1_22' title='bbox 1129 638 1220 721; x_wconf 78' lang='lat' dir='ltr'>aas.)</span> 
     </span>
    </p>
   </div>
   <div class='ocr_carea' id='block_1_4' title="bbox 37 722 1312 2800">
    <p class='ocr_par' dir='ltr' id='par_1_4' title="bbox 135 722 1310 814">
     <span class='ocr_line' id='line_1_5' title="bbox 135 722 1310 814; baseline 0.003 -22"><span class='ocrx_word' id='word_1_23' title='bbox 135 724 240 793; x_wconf 89' lang='lat' dir='ltr'>Idem</span> <span class='ocrx_word' id='word_1_24' title='bbox 267 744 369 813; x_wconf 87' lang='lat' dir='ltr'>papa</span> <span class='ocrx_word' id='word_1_25' title='bbox 395 724 588 792; x_wconf 87' lang='lat' dir='ltr'>Ferdeusi</span> <span class='ocrx_word' id='word_1_26' title='bbox 614 722 831 814; x_wconf 65' lang='lat' dir='ltr'>episcopal</span> <span class='ocrx_word' id='word_1_27' title='bbox 1239 738 1310 795; x_wconf 74' lang='lat'>1152</span> 
     </span>
    </p>

    <p class='ocr_par' dir='ltr' id='par_1_5' title="bbox 37 813 1312 2800">
     <span class='ocr_line' id='line_1_6' title="bbox 136 813 1312 928; baseline 0.003 -19"><span class='ocrx_word' id='word_1_28' title='bbox 136 841 174 910; x_wconf 85' lang='lat' dir='ltr'>Si</span> <span class='ocrx_word' id='word_1_29' title='bbox 188 841 374 910; x_wconf 77' lang='lat' dir='ltr'>universalis</span> <span class='ocrx_word' id='word_1_30' title='bbox 391 841 560 910; x_wconf 83' lang='lat' dir='ltr'>aecclesiae</span> <span class='ocrx_word' id='word_1_31' title='bbox 573 861 692 928; x_wconf 87' lang='lat' dir='ltr'>curam,</span> <span class='ocrx_word' id='word_1_32' title='bbox 716 861 811 928; x_wconf 90' lang='lat' dir='ltr'>quam</span> <span class='ocrx_word' id='word_1_33' title='bbox 825 842 996 927; x_wconf 89' lang='lat' dir='ltr'>gerendam</span> <span class='ocrx_word' id='word_1_34' title='bbox 1010 843 1079 912; x_wconf 91' lang='lat' dir='ltr'>Deo</span> <span class='ocrx_word' id='word_1_35' title='bbox 1094 851 1222 913; x_wconf 84' lang='lat' dir='ltr'>auotme</span> <span class='ocrx_word' id='word_1_36' title='bbox 1240 813 1312 862; x_wconf 66' lang='lat'>¹⁸²⁹</span> 
     </span>
     <span class='ocr_line' id='line_1_7' title="bbox 40 958 1219 1048; baseline 0.003 -22"><span class='ocrx_word' id='word_1_37' title='bbox 40 960 253 1047; x_wconf 89' lang='lat' dir='ltr'>suscepimus,</span> <span class='ocrx_word' id='word_1_38' title='bbox 270 958 414 1045; x_wconf 78' lang='lat' dir='ltr'>diligenti</span> <span class='ocrx_word' id='word_1_39' title='bbox 430 959 678 1027; x_wconf 86' lang='lat' dir='ltr'>consideratione</span> <span class='ocrx_word' id='word_1_40' title='bbox 693 979 872 1046; x_wconf 76' lang='lat' dir='ltr'><strong>pensemus,</strong></span> <span class='ocrx_word' id='word_1_41' title='bbox 887 961 1117 1048; x_wconf 87' lang='lat' dir='ltr'>providendum</span> <span class='ocrx_word' id='word_1_42' title='bbox 1127 961 1219 1030; x_wconf 91' lang='lat' dir='ltr'>nobis</span> 
     </span>
     <span class='ocr_line' id='line_1_8' title="bbox 40 1074 1220 1166; baseline 0.003 -23"><span class='ocrx_word' id='word_1_43' title='bbox 40 1082 103 1161; x_wconf 83' lang='lat' dir='ltr'>est,</span> <span class='ocrx_word' id='word_1_44' title='bbox 126 1081 166 1142; x_wconf 92' lang='lat' dir='ltr'>ut</span> <span class='ocrx_word' id='word_1_45' title='bbox 188 1075 331 1143; x_wconf 90' lang='lat' dir='ltr'>omnibus</span> <span class='ocrx_word' id='word_1_46' title='bbox 352 1074 507 1162; x_wconf 80' lang='lat' dir='ltr'>fidelibus,</span> <span class='ocrx_word' id='word_1_47' title='bbox 530 1075 594 1144; x_wconf 87' lang='lat' dir='ltr'>illis</span> <span class='ocrx_word' id='word_1_48' title='bbox 615 1075 753 1144; x_wconf 86' lang='lat' dir='ltr'>maxime</span> <span class='ocrx_word' id='word_1_49' title='bbox 768 1078 823 1164; x_wconf 91' lang='lat' dir='ltr'>qui</span> <span class='ocrx_word' id='word_1_50' title='bbox 837 1076 1017 1166; x_wconf 75' lang='lat' dir='ltr'>specialiter</span> <span class='ocrx_word' id='word_1_51' title='bbox 1031 1077 1073 1146; x_wconf 89' lang='lat' dir='ltr'>ad</span> <span class='ocrx_word' id='word_1_52' title='bbox 1086 1079 1220 1147; x_wconf 88' lang='lat' dir='ltr'>tutelam</span> 
     </span>
     <span class='ocr_line' id='line_1_9' title="bbox 39 1193 1219 1282; baseline 0 -20"><span class='ocrx_word' id='word_1_53' title='bbox 39 1198 189 1262; x_wconf 73' lang='lat' dir='ltr'>noemam</span> <span class='ocrx_word' id='word_1_54' title='bbox 212 1198 354 1282; x_wconf 89' lang='lat' dir='ltr'>spectaro</span> <span class='ocrx_word' id='word_1_55' title='bbox 375 1198 558 1278; x_wconf 87' lang='lat' dir='ltr'>noscuntur,</span> <span class='ocrx_word' id='word_1_56' title='bbox 580 1193 688 1261; x_wconf 87' lang='lat' dir='ltr'>taliter</span> <span class='ocrx_word' id='word_1_57' title='bbox 710 1214 802 1260; x_wconf 87' lang='lat' dir='ltr'>suam</span> <span class='ocrx_word' id='word_1_58' title='bbox 815 1194 975 1262; x_wconf 89' lang='lat' dir='ltr'>iusticiam</span> <span class='ocrx_word' id='word_1_59' title='bbox 988 1214 1219 1281; x_wconf 78' lang='lat' dir='ltr'>conservemus,</span> 
     </span>
     <span class='ocr_line' id='line_1_10' title="bbox 38 1310 1220 1396; baseline 0.001 -18"><span class='ocrx_word' id='word_1_60' title='bbox 38 1316 78 1378; x_wconf 91' lang='lat' dir='ltr'>nt</span> <span class='ocrx_word' id='word_1_61' title='bbox 103 1310 165 1378; x_wconf 89' lang='lat' dir='ltr'>sub</span> <span class='ocrx_word' id='word_1_62' title='bbox 189 1315 319 1396; x_wconf 87' lang='lat' dir='ltr'>optentu</span> <span class='ocrx_word' id='word_1_63' title='bbox 342 1310 519 1378; x_wconf 74' lang='lat' dir='ltr'>subtractae</span> <span class='ocrx_word' id='word_1_64' title='bbox 542 1311 687 1378; x_wconf 89' lang='lat' dir='ltr'>iusticiae</span> <span class='ocrx_word' id='word_1_65' title='bbox 708 1311 743 1376; x_wconf 92' lang='lat' dir='ltr'>in</span> <span class='ocrx_word' id='word_1_66' title='bbox 765 1311 815 1378; x_wconf 92' lang='lat' dir='ltr'>sni</span> <span class='ocrx_word' id='word_1_67' title='bbox 836 1311 941 1395; x_wconf 89' lang='lat' dir='ltr'>rigore</span> <span class='ocrx_word' id='word_1_68' title='bbox 963 1310 1058 1379; x_wconf 85' lang='lat' dir='ltr'>officii</span> <span class='ocrx_word' id='word_1_69' title='bbox 1078 1331 1145 1378; x_wconf 90' lang='lat' dir='ltr'>non</span> <span class='ocrx_word' id='word_1_70' title='bbox 1166 1312 1220 1380; x_wconf 89' lang='lat' dir='ltr'>de·</span> 
     </span>
     <span class='ocr_line' id='line_1_11' title="bbox 37 1425 1219 1512; baseline -0.001 -15"><span class='ocrx_word' id='word_1_71' title='bbox 37 1428 143 1497; x_wconf 89' lang='lat' dir='ltr'>beant</span> <span class='ocrx_word' id='word_1_72' title='bbox 156 1426 349 1512; x_wconf 81' lang='lat' dir='ltr'>negligentes</span> <span class='ocrx_word' id='word_1_73' title='bbox 366 1427 510 1494; x_wconf 88' lang='lat' dir='ltr'>existere.</span> <span class='ocrx_word' id='word_1_74' title='bbox 534 1425 650 1494; x_wconf 92' lang='lat' dir='ltr'>Dilecti</span> <span class='ocrx_word' id='word_1_75' title='bbox 664 1425 723 1494; x_wconf 88' lang='lat' dir='ltr'>filii</span> <span class='ocrx_word' id='word_1_76' title='bbox 736 1428 838 1495; x_wconf 80' lang='lat' dir='ltr'>nostd</span> <span class='ocrx_word' id='word_1_77' title='bbox 848 1427 1010 1511; x_wconf 72' lang='lat' dir='ltr'>Wlibaldi)</span> <span class='ocrx_word' id='word_1_78' title='bbox 1021 1425 1219 1497; x_wconf 72' lang='lat' dir='ltr'>corbeiensis</span> 
     </span>
     <span class='ocr_line' id='line_1_12' title="bbox 39 1543 1219 1631; baseline -0.001 -18"><span class='ocrx_word' id='word_1_79' title='bbox 39 1545 170 1614; x_wconf 89' lang='lat' dir='ltr'>abbatis</span> <span class='ocrx_word' id='word_1_80' title='bbox 192 1565 293 1631; x_wconf 88' lang='lat' dir='ltr'>nuper</span> <span class='ocrx_word' id='word_1_81' title='bbox 309 1543 507 1628; x_wconf 83' lang='lat' dir='ltr'>suggestione</span> <span class='ocrx_word' id='word_1_82' title='bbox 522 1543 699 1628; x_wconf 79' lang='lat' dir='ltr'>didicimus,</span> <span class='ocrx_word' id='word_1_83' title='bbox 723 1545 808 1630; x_wconf 91' lang='lat' dir='ltr'>quod</span> <span class='ocrx_word' id='word_1_84' title='bbox 821 1543 1008 1629; x_wconf 88' lang='lat' dir='ltr'>Hungoldns</span> <span class='ocrx_word' id='word_1_85' title='bbox 1022 1545 1121 1612; x_wconf 86' lang='lat' dir='ltr'>frater</span> <span class='ocrx_word' id='word_1_86' title='bbox 1134 1551 1219 1630; x_wconf 85' lang='lat' dir='ltr'>tuus,</span> 
     </span>
     <span class='ocr_line' id='line_1_13' title="bbox 41 1657 1220 1748; baseline 0.001 -18"><span class='ocrx_word' id='word_1_87' title='bbox 41 1662 130 1730; x_wconf 89' lang='lat' dir='ltr'>unde</span> <span class='ocrx_word' id='word_1_88' title='bbox 152 1659 245 1729; x_wconf 83' lang='lat' dir='ltr'>valde</span> <span class='ocrx_word' id='word_1_89' title='bbox 269 1661 438 1744; x_wconf 87' lang='lat' dir='ltr'>miramur,</span> <span class='ocrx_word' id='word_1_90' title='bbox 460 1657 510 1728; x_wconf 86' lang='lat' dir='ltr'>W.</span> <span class='ocrx_word' id='word_1_91' title='bbox 534 1665 567 1728; x_wconf 89' lang='lat' dir='ltr'>et</span> <span class='ocrx_word' id='word_1_92' title='bbox 589 1659 645 1732; x_wconf 87' lang='lat' dir='ltr'>Ge.</span> <span class='ocrx_word' id='word_1_93' title='bbox 669 1665 701 1727; x_wconf 89' lang='lat' dir='ltr'>et</span> <span class='ocrx_word' id='word_1_94' title='bbox 723 1659 852 1746; x_wconf 91' lang='lat' dir='ltr'>quidam</span> <span class='ocrx_word' id='word_1_95' title='bbox 875 1660 931 1728; x_wconf 92' lang='lat' dir='ltr'>alii</span> <span class='ocrx_word' id='word_1_96' title='bbox 950 1662 1151 1748; x_wconf 88' lang='lat' dir='ltr'>parrochiani</span> <span class='ocrx_word' id='word_1_97' title='bbox 1172 1663 1220 1732; x_wconf 92' lang='lat' dir='ltr'>tui</span> 
     </span>
     <span class='ocr_line' id='line_1_14' title="bbox 43 1775 1220 1865; baseline 0.001 -19"><span class='ocrx_word' id='word_1_98' title='bbox 43 1779 131 1846; x_wconf 91' lang='lat' dir='ltr'>bona</span> <span class='ocrx_word' id='word_1_99' title='bbox 153 1776 387 1844; x_wconf 64' lang='lat' dir='ltr'>Kaminatems</span> <span class='ocrx_word' id='word_1_100' title='bbox 410 1775 576 1862; x_wconf 86' lang='lat' dir='ltr'>ecclesiae,</span> <span class='ocrx_word' id='word_1_101' title='bbox 605 1797 685 1862; x_wconf 88' lang='lat' dir='ltr'>quae</span> <span class='ocrx_word' id='word_1_102' title='bbox 708 1777 748 1844; x_wconf 92' lang='lat' dir='ltr'>ad</span> <span class='ocrx_word' id='word_1_103' title='bbox 770 1777 820 1844; x_wconf 92' lang='lat' dir='ltr'>ius</span> <span class='ocrx_word' id='word_1_104' title='bbox 842 1777 943 1864; x_wconf 90' lang='lat' dir='ltr'>ipsius</span> <span class='ocrx_word' id='word_1_105' title='bbox 965 1783 1109 1865; x_wconf 88' lang='lat' dir='ltr'>spectare</span> <span class='ocrx_word' id='word_1_106' title='bbox 1131 1779 1220 1846; x_wconf 90' lang='lat' dir='ltr'>dino-</span> 
     </span>
     <span class='ocr_line' id='line_1_15' title="bbox 43 1891 1221 1980; baseline 0.001 -18"><span class='ocrx_word' id='word_1_107' title='bbox 43 1895 156 1980; x_wconf 86' lang='lat' dir='ltr'>scitur,</span> <span class='ocrx_word' id='word_1_108' title='bbox 180 1893 333 1962; x_wconf 83' lang='lat' dir='ltr'>violenter</span> <span class='ocrx_word' id='word_1_109' title='bbox 356 1893 501 1960; x_wconf 85' lang='lat' dir='ltr'>auferant</span> <span class='ocrx_word' id='word_1_110' title='bbox 522 1898 554 1960; x_wconf 90' lang='lat' dir='ltr'>et</span> <span class='ocrx_word' id='word_1_111' title='bbox 576 1893 692 1961; x_wconf 90' lang='lat' dir='ltr'>iniuste</span> <span class='ocrx_word' id='word_1_112' title='bbox 714 1893 885 1960; x_wconf 88' lang='lat' dir='ltr'>detineant</span> <span class='ocrx_word' id='word_1_113' title='bbox 917 1891 997 1972; x_wconf 88' lang='lat' dir='ltr'>Quia</span> <span class='ocrx_word' id='word_1_114' title='bbox 1010 1895 1109 1980; x_wconf 92' lang='lat' dir='ltr'>igitur</span> <span class='ocrx_word' id='word_1_115' title='bbox 1123 1894 1221 1964; x_wconf 89' lang='lat' dir='ltr'>eccle·</span> 
     </span>
     <span class='ocr_line' id='line_1_16' title="bbox 43 2007 1222 2100; baseline 0.002 -22"><span class='ocrx_word' id='word_1_116' title='bbox 43 2011 177 2078; x_wconf 78' lang='lat' dir='ltr'>niratica</span> <span class='ocrx_word' id='word_1_117' title='bbox 198 2011 281 2079; x_wconf 91' lang='lat' dir='ltr'>bona</span> <span class='ocrx_word' id='word_1_118' title='bbox 295 2017 329 2078; x_wconf 90' lang='lat' dir='ltr'>et</span> <span class='ocrx_word' id='word_1_119' title='bbox 341 2011 490 2098; x_wconf 88' lang='lat' dir='ltr'>precipue</span> <span class='ocrx_word' id='word_1_120' title='bbox 506 2007 704 2077; x_wconf 85' lang='lat' dir='ltr'>Corbeiensis</span> <span class='ocrx_word' id='word_1_121' title='bbox 720 2009 900 2094; x_wconf 87' lang='lat' dir='ltr'>aecclesiae,</span> <span class='ocrx_word' id='word_1_122' title='bbox 923 2015 1050 2098; x_wconf 83' lang='lat' dir='ltr'>atquae</span> <span class='ocrx_word' id='word_1_123' title='bbox 1064 2013 1222 2100; x_wconf 85' lang='lat' dir='ltr'>adipsum</span> 
     </span>
     <span class='ocr_line' id='line_1_17' title="bbox 43 2125 1222 2217; baseline 0.001 -21"><span class='ocrx_word' id='word_1_124' title='bbox 43 2133 203 2216; x_wconf 87' lang='lat' dir='ltr'>spectant,</span> <span class='ocrx_word' id='word_1_125' title='bbox 231 2128 288 2196; x_wconf 90' lang='lat' dir='ltr'>sub</span> <span class='ocrx_word' id='word_1_126' title='bbox 312 2127 491 2196; x_wconf 75' lang='lat' dir='ltr'>defensione</span> <span class='ocrx_word' id='word_1_127' title='bbox 514 2130 547 2194; x_wconf 87' lang='lat' dir='ltr'>et</span> <span class='ocrx_word' id='word_1_128' title='bbox 567 2125 668 2194; x_wconf 87' lang='lat' dir='ltr'>tutela</span> <span class='ocrx_word' id='word_1_129' title='bbox 688 2131 800 2194; x_wconf 75' lang='lat' dir='ltr'>nosue</span> <span class='ocrx_word' id='word_1_130' title='bbox 820 2127 1005 2212; x_wconf 85' lang='lat' dir='ltr'>consistunt,</span> <span class='ocrx_word' id='word_1_131' title='bbox 1027 2131 1222 2217; x_wconf 89' lang='lat' dir='ltr'>presentium</span> 
     </span>
     <span class='ocr_line' id='line_1_18' title="bbox 43 2243 1221 2330; baseline 0.002 -18"><span class='ocrx_word' id='word_1_132' title='bbox 43 2244 105 2312; x_wconf 89' lang='lat' dir='ltr'>tibi</span> <span class='ocrx_word' id='word_1_133' title='bbox 137 2244 323 2311; x_wconf 84' lang='lat' dir='ltr'>auctoritate</span> <span class='ocrx_word' id='word_1_134' title='bbox 351 2243 554 2328; x_wconf 88' lang='lat' dir='ltr'>mandamns,</span> <span class='ocrx_word' id='word_1_135' title='bbox 585 2245 732 2330; x_wconf 78' lang='lat' dir='ltr'>quatinus</span> <span class='ocrx_word' id='word_1_136' title='bbox 759 2264 945 2329; x_wconf 86' lang='lat' dir='ltr'>germanum</span> <span class='ocrx_word' id='word_1_137' title='bbox 971 2249 1062 2313; x_wconf 89' lang='lat' dir='ltr'>tuum</span> <span class='ocrx_word' id='word_1_138' title='bbox 1087 2251 1120 2312; x_wconf 90' lang='lat' dir='ltr'>et</span> <span class='ocrx_word' id='word_1_139' title='bbox 1142 2246 1221 2315; x_wconf 85' lang='lat' dir='ltr'>alios</span> 
     </span>
     <span class='ocr_line' id='line_1_19' title="bbox 41 2361 1221 2451; baseline 0.002 -22"><span class='ocrx_word' id='word_1_140' title='bbox 41 2362 186 2451; x_wconf 73' lang='lat' dir='ltr'>prefatos</span> <span class='ocrx_word' id='word_1_141' title='bbox 216 2361 377 2428; x_wconf 74' lang='lat' dir='ltr'>invasores</span> <span class='ocrx_word' id='word_1_142' title='bbox 406 2361 549 2429; x_wconf 87' lang='lat' dir='ltr'>districte</span> <span class='ocrx_word' id='word_1_143' title='bbox 577 2379 792 2446; x_wconf 86' lang='lat' dir='ltr'>commoneas,</span> <span class='ocrx_word' id='word_1_144' title='bbox 819 2367 856 2428; x_wconf 92' lang='lat' dir='ltr'>ut</span> <span class='ocrx_word' id='word_1_145' title='bbox 883 2363 1024 2448; x_wconf 86' lang='lat' dir='ltr'>prefatae</span> <span class='ocrx_word' id='word_1_146' title='bbox 1052 2363 1221 2431; x_wconf 89' lang='lat' dir='ltr'>aecclesiae</span> 
     </span>
     <span class='ocr_line' id='line_1_20' title="bbox 42 2477 1220 2558; baseline 0.001 -12"><span class='ocrx_word' id='word_1_147' title='bbox 42 2478 153 2546; x_wconf 82' lang='lat' dir='ltr'>ablata</span> <span class='ocrx_word' id='word_1_148' title='bbox 173 2479 344 2545; x_wconf 89' lang='lat' dir='ltr'>restituant</span> <span class='ocrx_word' id='word_1_149' title='bbox 369 2483 402 2545; x_wconf 85' lang='lat' dir='ltr'>et</span> <span class='ocrx_word' id='word_1_150' title='bbox 430 2477 470 2544; x_wconf 89' lang='lat' dir='ltr'>ab</span> <span class='ocrx_word' id='word_1_151' title='bbox 493 2478 560 2544; x_wconf 88' lang='lat' dir='ltr'>eius</span> <span class='ocrx_word' id='word_1_152' title='bbox 582 2477 785 2546; x_wconf 83' lang='lat' dir='ltr'>infestatione</span> <span class='ocrx_word' id='word_1_153' title='bbox 807 2477 970 2545; x_wconf 87' lang='lat' dir='ltr'>desistant</span> <span class='ocrx_word' id='word_1_154' title='bbox 1016 2478 1134 2558; x_wconf 85' lang='lat' dir='ltr'>Quodsi</span> <span class='ocrx_word' id='word_1_155' title='bbox 1155 2481 1220 2547; x_wconf 90' lang='lat' dir='ltr'>tuis</span> 
     </span>
     <span class='ocr_line' id='line_1_21' title="bbox 41 2592 1218 2682; baseline 0 -19"><span class='ocrx_word' id='word_1_156' title='bbox 41 2594 176 2663; x_wconf 90' lang='lat' dir='ltr'>monitis</span> <span class='ocrx_word' id='word_1_157' title='bbox 198 2594 416 2682; x_wconf 87' lang='lat' dir='ltr'>obtemperare</span> <span class='ocrx_word' id='word_1_158' title='bbox 436 2592 606 2680; x_wconf 78' lang='lat' dir='ltr'>noluerint,</span> <span class='ocrx_word' id='word_1_159' title='bbox 628 2594 769 2662; x_wconf 88' lang='lat' dir='ltr'>debitam</span> <span class='ocrx_word' id='word_1_160' title='bbox 790 2593 923 2681; x_wconf 89' lang='lat' dir='ltr'>deipsis</span> <span class='ocrx_word' id='word_1_161' title='bbox 937 2594 1096 2662; x_wconf 89' lang='lat' dir='ltr'>iusticiam</span> <span class='ocrx_word' id='word_1_162' title='bbox 1109 2595 1218 2663; x_wconf 78' lang='lat' dir='ltr'>facias.</span> 
     </span>
     <span class='ocr_line' id='line_1_22' title="bbox 40 2712 315 2800; baseline -0.007 -20"><span class='ocrx_word' id='word_1_163' title='bbox 40 2712 131 2780; x_wconf 89' lang='lat' dir='ltr'>Data</span> <span class='ocrx_word' id='word_1_164' title='bbox 151 2716 315 2800; x_wconf 83' lang='lat' dir='ltr'>utsupra</span> 
     </span>
    </p>
   </div>
   <div class='ocr_carea' id='block_1_5' title="bbox 43 2949 1221 3158">
    <p class='ocr_par' dir='ltr' id='par_1_6' title="bbox 43 2949 1221 3158">
     <span class='ocr_line' id='line_1_23' title="bbox 43 2949 1221 3041; baseline -0.003 -16"><span class='ocrx_word' id='word_1_165' title='bbox 43 2951 136 3026; x_wconf 84' lang='lat'><strong>360.</strong></span> <span class='ocrx_word' id='word_1_166' title='bbox 157 2953 319 3041; x_wconf 64' lang='lat' dir='ltr'>Euganeas</span> <span class='ocrx_word' id='word_1_167' title='bbox 334 2952 396 3020; x_wconf 89' lang='lat' dir='ltr'>III</span> <span class='ocrx_word' id='word_1_168' title='bbox 409 2975 501 3041; x_wconf 86' lang='lat' dir='ltr'>papa</span> <span class='ocrx_word' id='word_1_169' title='bbox 517 2949 665 3018; x_wconf 69' lang='lat' dir='ltr'>Hetaerice</span> <span class='ocrx_word' id='word_1_170' title='bbox 689 2953 832 3040; x_wconf 69' lang='lat' dir='ltr'>opbeopo</span> <span class='ocrx_word' id='word_1_171' title='bbox 847 2952 1005 3019; x_wconf 76' lang='lat' dir='ltr'>Miadesssa&#39;</span> <span class='ocrx_word' id='word_1_172' title='bbox 1024 2955 1163 3038; x_wconf 80' lang='lat' dir='ltr'>maudut,</span> <span class='ocrx_word' id='word_1_173' title='bbox 1185 2967 1221 3022; x_wconf 79' lang='lat' dir='ltr'>ut</span> 
     </span>
     <span class='ocr_line' id='line_1_24' title="bbox 158 3067 1219 3158; baseline -0.001 -21"><span class='ocrx_word' id='word_1_174' title='bbox 158 3072 197 3137; x_wconf 83' lang='lat' dir='ltr'>ds</span> <span class='ocrx_word' id='word_1_175' title='bbox 230 3070 318 3137; x_wconf 76' lang='lat' dir='ltr'>baala</span> <span class='ocrx_word' id='word_1_176' title='bbox 348 3068 534 3136; x_wconf 80' lang='lat' dir='ltr'>moaaoters&#39;a</span> <span class='ocrx_word' id='word_1_177' title='bbox 566 3067 785 3135; x_wconf 80' lang='lat' dir='ltr'>Kama&#39;nateaes&#39;</span> <span class='ocrx_word' id='word_1_178' title='bbox 817 3069 929 3135; x_wconf 79' lang='lat' dir='ltr'>ablatio</span> <span class='ocrx_word' id='word_1_179' title='bbox 953 3069 1095 3136; x_wconf 83' lang='lat' dir='ltr'>Ws&#39;baldo</span> <span class='ocrx_word' id='word_1_180' title='bbox 1129 3093 1219 3158; x_wconf 71' lang='lat' dir='ltr'>epau</span> 
     </span>
    </p>
   </div>
   <div class='ocr_carea' id='block_1_6' title="bbox 149 3183 1218 3276">
    <p class='ocr_par' dir='ltr' id='par_1_7' title="bbox 149 3183 1218 3276">
     <span class='ocr_line' id='line_1_25' title="bbox 149 3183 1218 3276; baseline -0.001 -22"><span class='ocrx_word' id='word_1_181' title='bbox 149 3187 247 3276; x_wconf 67' lang='lat' dir='ltr'>seat.</span> <span class='ocrx_word' id='word_1_182' title='bbox 1052 3183 1218 3268; x_wconf 78' lang='lat' dir='ltr'>(meaa.)</span> 
     </span>
    </p>
   </div>
   <div class='ocr_carea' id='block_1_7' title="bbox 41 3313 1309 4457">
    <p class='ocr_par' dir='ltr' id='par_1_8' title="bbox 135 3313 1306 3406">
     <span class='ocr_line' id='line_1_26' title="bbox 135 3313 1306 3406; baseline -0.002 -17"><span class='ocrx_word' id='word_1_183' title='bbox 135 3320 241 3389; x_wconf 88' lang='lat' dir='ltr'>Idem</span> <span class='ocrx_word' id='word_1_184' title='bbox 267 3338 370 3406; x_wconf 88' lang='lat' dir='ltr'>papa</span> <span class='ocrx_word' id='word_1_185' title='bbox 395 3315 591 3385; x_wconf 85' lang='lat' dir='ltr'>Mindensi</span> <span class='ocrx_word' id='word_1_186' title='bbox 618 3313 832 3405; x_wconf 83' lang='lat' dir='ltr'>episeopo&#39;.</span> <span class='ocrx_word' id='word_1_187' title='bbox 1235 3331 1306 3387; x_wconf 81' lang='lat'>1152</span> 
     </span>
    </p>

    <p class='ocr_par' dir='ltr' id='par_1_9' title="bbox 41 3406 1309 4343">
     <span class='ocr_line' id='line_1_27' title="bbox 135 3406 1309 3521; baseline 0 -17"><span class='ocrx_word' id='word_1_188' title='bbox 135 3435 269 3504; x_wconf 77' lang='lat' dir='ltr'>Gratum</span> <span class='ocrx_word' id='word_1_189' title='bbox 296 3435 387 3504; x_wconf 89' lang='lat' dir='ltr'>nobis</span> <span class='ocrx_word' id='word_1_190' title='bbox 415 3439 464 3503; x_wconf 92' lang='lat' dir='ltr'>est</span> <span class='ocrx_word' id='word_1_191' title='bbox 492 3441 524 3502; x_wconf 92' lang='lat' dir='ltr'>et</span> <span class='ocrx_word' id='word_1_192' title='bbox 551 3439 731 3521; x_wconf 87' lang='lat' dir='ltr'>acceptum,</span> <span class='ocrx_word' id='word_1_193' title='bbox 762 3434 861 3520; x_wconf 87' lang='lat' dir='ltr'>quod,</span> <span class='ocrx_word' id='word_1_194' title='bbox 890 3434 973 3501; x_wconf 90' lang='lat' dir='ltr'>sicut</span> <span class='ocrx_word' id='word_1_195' title='bbox 998 3455 1039 3502; x_wconf 84' lang='lat' dir='ltr'>ex</span> <span class='ocrx_word' id='word_1_196' title='bbox 1065 3434 1219 3504; x_wconf 87' lang='lat' dir='ltr'>relatione</span> <span class='ocrx_word' id='word_1_197' title='bbox 1238 3406 1309 3454; x_wconf 54' lang='grc' dir='ltr'><em>Μ</em></span> 
     </span>
     <span class='ocr_line' id='line_1_28' title="bbox 42 3549 1219 3638; baseline -0.003 -15"><span class='ocrx_word' id='word_1_198' title='bbox 42 3553 154 3623; x_wconf 86' lang='lat' dir='ltr'>dilecti</span> <span class='ocrx_word' id='word_1_199' title='bbox 175 3549 234 3618; x_wconf 83' lang='lat' dir='ltr'>filii</span> <span class='ocrx_word' id='word_1_200' title='bbox 256 3553 357 3620; x_wconf 79' lang='lat' dir='ltr'>nmtri</span> <span class='ocrx_word' id='word_1_201' title='bbox 380 3549 577 3619; x_wconf 83' lang='lat' dir='ltr'>Oorbeiensis</span> <span class='ocrx_word' id='word_1_202' title='bbox 600 3550 722 3618; x_wconf 87' lang='lat' dir='ltr'>abbatis</span> <span class='ocrx_word' id='word_1_203' title='bbox 746 3551 940 3638; x_wconf 88' lang='lat' dir='ltr'>accepimus,</span> <span class='ocrx_word' id='word_1_204' title='bbox 965 3553 1057 3619; x_wconf 81' lang='lat' dir='ltr'>iuxta</span> <span class='ocrx_word' id='word_1_205' title='bbox 1076 3557 1219 3621; x_wconf 89' lang='lat' dir='ltr'>tenorem</span> 
     </span>
     <span class='ocr_line' id='line_1_29' title="bbox 41 3662 1218 3756; baseline -0.002 -17"><span class='ocrx_word' id='word_1_206' title='bbox 41 3673 234 3754; x_wconf 85' lang='lat' dir='ltr'>litterarum,</span> <span class='ocrx_word' id='word_1_207' title='bbox 258 3689 335 3755; x_wconf 87' lang='lat' dir='ltr'>quas</span> <span class='ocrx_word' id='word_1_208' title='bbox 358 3669 417 3736; x_wconf 92' lang='lat' dir='ltr'>tibi</span> <span class='ocrx_word' id='word_1_209' title='bbox 437 3662 699 3752; x_wconf 57' lang='lat' dir='ltr'>transmisimus,</span> <span class='ocrx_word' id='word_1_210' title='bbox 723 3667 764 3734; x_wconf 89' lang='lat' dir='ltr'>ad</span> <span class='ocrx_word' id='word_1_211' title='bbox 786 3667 957 3736; x_wconf 80' lang='lat' dir='ltr'>utilitatem</span> <span class='ocrx_word' id='word_1_212' title='bbox 977 3671 1078 3756; x_wconf 87' lang='lat' dir='ltr'>ipsius</span> <span class='ocrx_word' id='word_1_213' title='bbox 1100 3671 1218 3738; x_wconf 88' lang='lat' dir='ltr'>aeccle-</span> 
     </span>
     <span class='ocr_line' id='line_1_30' title="bbox 42 3783 1218 3875; baseline -0.002 -19"><span class='ocrx_word' id='word_1_214' title='bbox 42 3789 112 3856; x_wconf 87' lang='lat' dir='ltr'>siae</span> <span class='ocrx_word' id='word_1_215' title='bbox 140 3785 293 3855; x_wconf 90' lang='lat' dir='ltr'>sollicitus</span> <span class='ocrx_word' id='word_1_216' title='bbox 320 3790 353 3853; x_wconf 92' lang='lat' dir='ltr'>et</span> <span class='ocrx_word' id='word_1_217' title='bbox 373 3785 535 3854; x_wconf 91' lang='lat' dir='ltr'>benivolus</span> <span class='ocrx_word' id='word_1_218' title='bbox 558 3784 701 3852; x_wconf 86' lang='lat' dir='ltr'>extitisti.</span> <span class='ocrx_word' id='word_1_219' title='bbox 747 3783 829 3864; x_wconf 84' lang='lat' dir='ltr'>Quia</span> <span class='ocrx_word' id='word_1_220' title='bbox 849 3785 947 3870; x_wconf 88' lang='lat' dir='ltr'>igitur</span> <span class='ocrx_word' id='word_1_221' title='bbox 967 3806 1032 3854; x_wconf 92' lang='lat' dir='ltr'>non</span> <span class='ocrx_word' id='word_1_222' title='bbox 1052 3787 1218 3875; x_wconf 90' lang='lat' dir='ltr'>incipienti</span> 
     </span>
     <span class='ocr_line' id='line_1_31' title="bbox 43 3901 1218 3992; baseline -0.002 -18"><span class='ocrx_word' id='word_1_223' title='bbox 43 3911 95 3974; x_wconf 88' lang='lat' dir='ltr'>sot</span> <span class='ocrx_word' id='word_1_224' title='bbox 117 3903 334 3992; x_wconf 82' lang='lat' dir='ltr'>perseveranti</span> <span class='ocrx_word' id='word_1_225' title='bbox 348 3904 505 3990; x_wconf 90' lang='lat' dir='ltr'>premium</span> <span class='ocrx_word' id='word_1_226' title='bbox 525 3901 632 3970; x_wconf 88' lang='lat' dir='ltr'>deberi</span> <span class='ocrx_word' id='word_1_227' title='bbox 648 3901 831 3988; x_wconf 75' lang='lat' dir='ltr'>dinosmtur,</span> <span class='ocrx_word' id='word_1_228' title='bbox 853 3924 911 3990; x_wconf 92' lang='lat' dir='ltr'>per</span> <span class='ocrx_word' id='word_1_229' title='bbox 924 3905 1085 3990; x_wconf 90' lang='lat' dir='ltr'>presentia</span> <span class='ocrx_word' id='word_1_230' title='bbox 1099 3906 1218 3992; x_wconf 84' lang='lat' dir='ltr'>scripta</span> 
     </span>
     <span class='ocr_line' id='line_1_32' title="bbox 41 4019 1217 4107; baseline 0.001 -18"><span class='ocrx_word' id='word_1_231' title='bbox 41 4021 237 4090; x_wconf 81' lang='lat' dir='ltr'>fraternitati</span> <span class='ocrx_word' id='word_1_232' title='bbox 257 4027 331 4088; x_wconf 87' lang='lat' dir='ltr'>tuae</span> <span class='ocrx_word' id='word_1_233' title='bbox 345 4019 541 4105; x_wconf 84' lang='lat' dir='ltr'>mandamns,</span> <span class='ocrx_word' id='word_1_234' title='bbox 565 4019 711 4106; x_wconf 89' lang='lat' dir='ltr'>quatinus</span> <span class='ocrx_word' id='word_1_235' title='bbox 726 4020 817 4087; x_wconf 91' lang='lat' dir='ltr'>bonis</span> <span class='ocrx_word' id='word_1_236' title='bbox 831 4020 936 4087; x_wconf 90' lang='lat' dir='ltr'>iniciis</span> <span class='ocrx_word' id='word_1_237' title='bbox 950 4021 1077 4107; x_wconf 88' lang='lat' dir='ltr'>potiore</span> <span class='ocrx_word' id='word_1_238' title='bbox 1090 4023 1217 4090; x_wconf 90' lang='lat' dir='ltr'>studeas</span> 
     </span>
     <span class='ocr_line' id='line_1_33' title="bbox 42 4135 1217 4225; baseline -0.001 -18"><span class='ocrx_word' id='word_1_239' title='bbox 42 4144 215 4225; x_wconf 86' lang='lat' dir='ltr'>augmenta</span> <span class='ocrx_word' id='word_1_240' title='bbox 236 4138 377 4206; x_wconf 77' lang='lat' dir='ltr'>conform</span> <span class='ocrx_word' id='word_1_241' title='bbox 401 4142 432 4205; x_wconf 92' lang='lat' dir='ltr'>et</span> <span class='ocrx_word' id='word_1_242' title='bbox 453 4137 670 4224; x_wconf 89' lang='lat' dir='ltr'>prenominato</span> <span class='ocrx_word' id='word_1_243' title='bbox 692 4136 757 4204; x_wconf 88' lang='lat' dir='ltr'>filio</span> <span class='ocrx_word' id='word_1_244' title='bbox 778 4142 887 4204; x_wconf 90' lang='lat' dir='ltr'>nostro</span> <span class='ocrx_word' id='word_1_245' title='bbox 906 4135 1086 4205; x_wconf 75' lang='lat' dir='ltr'>corbeiensi</span> <span class='ocrx_word' id='word_1_246' title='bbox 1110 4139 1217 4206; x_wconf 87' lang='lat' dir='ltr'>abbati</span> 
     </span>
     <span class='ocr_line' id='line_1_34' title="bbox 42 4253 1216 4343; baseline -0.001 -20"><span class='ocrx_word' id='word_1_247' title='bbox 42 4255 84 4326; x_wconf 90' lang='lat' dir='ltr'>de</span> <span class='ocrx_word' id='word_1_248' title='bbox 112 4255 300 4343; x_wconf 87' lang='lat' dir='ltr'>quibusdam</span> <span class='ocrx_word' id='word_1_249' title='bbox 328 4253 543 4342; x_wconf 79' lang='lat' dir='ltr'>parrochianis</span> <span class='ocrx_word' id='word_1_250' title='bbox 572 4254 637 4322; x_wconf 87' lang='lat' dir='ltr'>tuis</span> <span class='ocrx_word' id='word_1_251' title='bbox 664 4259 731 4322; x_wconf 87' lang='lat' dir='ltr'>tam</span> <span class='ocrx_word' id='word_1_252' title='bbox 759 4253 883 4322; x_wconf 89' lang='lat' dir='ltr'>clericis</span> <span class='ocrx_word' id='word_1_253' title='bbox 910 4274 1005 4341; x_wconf 87' lang='lat' dir='ltr'>quam</span> <span class='ocrx_word' id='word_1_254' title='bbox 1027 4253 1132 4341; x_wconf 86' lang='lat' dir='ltr'>laicis,</span> <span class='ocrx_word' id='word_1_255' title='bbox 1161 4257 1216 4342; x_wconf 91' lang='lat' dir='ltr'>qui</span> 
     </span>
    </p>

    <p class='ocr_par' dir='ltr' id='par_1_10' title="bbox 116 4384 1072 4457">
     <span class='ocr_line' id='line_1_35' title="bbox 116 4384 1072 4457; baseline -0.002 -13"><span class='ocrx_word' id='word_1_256' title='bbox 116 4389 143 4444; x_wconf 90' lang='lat'>1.</span> <span class='ocrx_word' id='word_1_257' title='bbox 160 4388 326 4444; x_wconf 76' lang='lat' dir='ltr'>Humano.</span> <span class='ocrx_word' id='word_1_258' title='bbox 398 4387 425 4442; x_wconf 76' lang='grc'>2.</span> <span class='ocrx_word' id='word_1_259' title='bbox 443 4384 582 4443; x_wconf 78' lang='lat' dir='ltr'>Hemrieo.</span> <span class='ocrx_word' id='word_1_260' title='bbox 654 4385 680 4442; x_wconf 89' lang='lat'>3.</span> <span class='ocrx_word' id='word_1_261' title='bbox 698 4401 725 4442; x_wconf 85' lang='lat' dir='ltr'>v.</span> <span class='ocrx_word' id='word_1_262' title='bbox 740 4387 852 4457; x_wconf 67' lang='lat' dir='ltr'>enata</span> <span class='ocrx_word' id='word_1_263' title='bbox 868 4401 953 4454; x_wconf 81' lang='lat' dir='ltr'>supra</span> <span class='ocrx_word' id='word_1_264' title='bbox 968 4401 996 4455; x_wconf 78' lang='lat' dir='ltr'>p</span> <span class='ocrx_word' id='word_1_265' title='bbox 1009 4385 1072 4442; x_wconf 84' lang='grc'><strong>398.</strong></span> 
     </span>
    </p>
   </div>
   <div class='ocr_carea' id='block_1_8' title="bbox 0 0 1567 4859">
    <p class='ocr_par' dir='ltr' id='par_1_11' title="bbox 0 0 1567 4859">
     <span class='ocr_line' id='line_1_36' title="bbox 0 0 1567 4859; baseline 0 0"><span class='ocrx_word' id='word_1_266' title='bbox 0 0 1567 4859; x_wconf 95' lang='lat' dir='ltr'> </span> 
     </span>
    </p>
   </div>
  </div>
 </body>
</html>
