3117 4859
387 316 535 365 wmannr
555 314 742 365 misnense
762 312 815 362 nos.
834 313 888 362 rio.
1154 298 1220 368 329

52 460 163 527 anima
188 477 260 527 mea
286 459 414 527 turbata
442 464 491 527 est
516 458 623 542 valde;
654 462 702 527 set
729 459 831 546 pietas
859 459 1070 527 miserationis
1097 465 1220 528 vestrae
1238 464 1328 525 1149?

51 576 251 663 aquiescas
272 577 365 644 mooe
387 576 613 644 materanos
627 574 794 643 morsum.
823 573 914 645 unsa
930 576 1046 644 omos
1064 576 1221 645 labiorum
1248 561 1251 567 ’

52 714 198 761 meorum
218 694 347 761 immolo
367 693 436 761 Deo
459 699 492 761 et
511 693 675 761 immolare
697 712 760 759 non
782 694 910 761 oessabo
931 714 990 782 pro
1011 694 1223 781 prosperitate

38 802 172 897 'saeba
194 814 231 877 ut
250 811 365 878 vivatis
387 810 522 879 lelioiter
544 815 577 877 et
596 809 738 895 valeatis,
761 814 795 875 et
807 816 929 897 euneta,
952 831 1033 898 quae
1046 811 1221 897 intenditis,

54 927 165 997 tDeo
188 948 339 1017 prospere
361 928 536 1013 dirigantur
558 926 592 993 in
614 926 759 993 manibus
781 928 905 994 restris.

56 1212 144 1285 210.
164 1214 324 1283 Wiboldas
337 1213 533 1283 Heitdeon‘oo
551 1217 732 1304 praeposito
749 1213 957 1302 Groaiogeaei
974 1216 1056 1281 boae
1070 1217 1225 1303 quaedam

168 1332 301 1397 assolet
1061 1328 1116 1413 (11.
1136 1330 1223 1415 182.)

144 1462 337 1549 Wtibaldus)
359 1464 421 1533 Dei
445 1464 549 1551 gratia
570 1462 766 1531 Corbeiensis
789 1463 886 1531 abbas
908 1465 1138 1533 suecessoribus
1159 1467 1225 1533 suis
1283 1476 1353 1535 1149

57 1584 90 1651 in
109 1586 311 1671 perpetuum.
402 1579 491 1649 Siout
507 1579 602 1649 offieii
618 1582 718 1647 nostri
733 1584 792 1665 est,
814 1601 886 1648 oum
909 1580 995 1647 omni
1016 1581 1226 1651 sollieitudine
1244 1551 1392 1603 ‘’M’‘

57 1704 88 1766 ot
114 1698 233 1765 timore
258 1696 320 1765 Dei
347 1718 398 1765 res
426 1698 516 1765 nobis
544 1697 680 1765 ereditas
708 1696 855 1764 ordinare
887 1718 925 1764 ae
951 1698 1150 1785 dispensare,
1179 1699 1227 1767 ita

57 1813 281 1883 nichilominus
304 1814 345 1881 ad
367 1815 499 1882 eandem
521 1834 628 1881 euram
650 1813 799 1902 pertinet,
822 1833 1023 1901 quaeeunque
1045 1814 1170 1883 duobis
1191 1816 1226 1880 in

58 1936 203 2019 tempore
225 1930 517 1999 amministrationis
538 1934 665 1999 nostrae
686 1934 852 2015 geruntur,
879 1929 920 1996 ad
942 1935 1139 2017 posterorum
1160 1952 1227 1999 me-

58 2048 212 2133 moriam,
239 2068 280 2115 ne
301 2068 359 2135 per
381 2048 570 2119 oblivionem
599 2052 654 2113 aut
674 2066 732 2135 per
754 2045 980 2132 negligentiam
1002 2068 1090 2115 error
1112 2047 1227 2135 aliquis

60 2166 233 2250 oberimus,
248 2164 366 2252 seripto
381 2163 604 2231 transmittere.
634 2162 788 2243 Quocirca
802 2164 942 2231 omnium
955 2163 1096 2231 fidelium
1110 2163 1229 2233 Christi

60 2286 90 2349 et
111 2280 286 2349 aecclesiae
307 2286 435 2349 nostrae
455 2280 642 2368 prudentiae
663 2272 774 2349 notum
797 2301 866 2348 esse
887 2279 1046 2367 volumus,
1075 2280 1159 2367 quod
1180 2281 1229 2349 di-

60 2398 158 2467 leotus
181 2396 267 2465 filius
287 2404 395 2465 noster
409 2396 646 2465 Heidenriousb
668 2398 848 2486 prepositus
870 2396 1053 2464 monasterii
1074 2398 1175 2465 nostri
1195 2398 1230 2465 in

63 2514 240 2601 Groninga⁶
262 2514 347 2583 inter
368 2514 491 2583 oeterad
513 2514 706 2600 gravamina,
729 2534 810 2601 quae
832 2513 894 2581 sibi
915 2519 948 2580 et
969 2513 1138 2581 aeoeleeiae
1154 2534 1230 2581 suae

63 2652 100 2701 ex
122 2632 286 2701 communi
307 2632 433 2699 malitia
454 2631 565 2699 mundi
585 2629 787 2715 ineumbunt,
814 2629 875 2697 boo
899 2629 990 2697 nobis
1012 2630 1229 2716 conquerendo

64 2750 229 2836 suggessit,
253 2749 338 2836 quod
359 2747 487 2835 quidam
508 2746 724 2817 ministerialis
741 2751 848 2814 noster
863 2745 950 2813 Hezo
965 2746 1092 2814 nomine
1105 2752 1229 2835 partem

65 2865 141 2953 agri,
165 2867 222 2953 qui
243 2868 334 2932 iuxta
354 2863 485 2931 dudum
497 2863 618 2933 Bodam
641 2864 719 2931 situs
743 2869 792 2931 est
814 2843 847 2929 et
865 2863 1020 2949 usquead
1033 2868 1144 2930 nostra
1163 2864 1231 2933 fere

64 2986 209 3070 tempora
230 2982 350 3050 solebat
372 3002 440 3049 esse
462 3000 676 3069 compascuus,
700 2981 817 3066 absque
830 2978 897 3045 ulla
910 2978 989 3046 iuris
1002 2981 1126 3047 ratione
1140 3000 1230 3047 oeen-

65 3100 159 3187 parit
197 3098 299 3187 Super
321 3118 384 3185 qua
404 3118 440 3165 re
461 3117 530 3183 nos,
547 3097 714 3183 diligenter
737 3118 756 3164 a
778 3096 973 3184 sapientibus
1001 3101 1034 3163 et
1055 3097 1230 3165 senioribus

65 3216 183 3283 nostris
204 3216 338 3282 veritate
358 3215 510 3300 inquisita
530 3215 756 3302 comperimus,
784 3212 868 3299 quod
892 3212 978 3279 idem
1000 3232 1075 3297 ager
1097 3214 1137 3280 ad
1158 3234 1231 3302 pre-

68 3330 202 3401 bendam
228 3332 363 3399 fratrum
396 3336 428 3398 et
457 3330 607 3399 ditionem
633 3330 787 3419 prepositi
815 3329 933 3415 absque
963 3328 1027 3396 ullo
1061 3329 1231 3398 dubietatis

68 3448 214 3537 serupulo
241 3448 408 3535 pertineat.
460 3446 612 3514 Similiter
646 3445 685 3512 de
714 3444 909 3530 molendino,
943 3445 1027 3531 quod
1053 3444 1231 3515 Wunnerus

69 3564 156 3633 iuxta
183 3563 293 3633 villam
320 3564 595 3649 Helmerikesdorp
622 3560 830 3646 reedificavit,
863 3561 948 3647 quod
979 3563 1075 3629 etiam
1103 3564 1232 3649 quidam

70 3678 161 3748 liber·
177 3680 313 3749 Hoierus
334 3679 474 3747 nomine'
490 3681 558 3749 sine
579 3678 643 3746 ullo
666 3679 744 3745 iuris
768 3677 917 3763 suffragio
934 3677 1105 3763 demebat,
1127 3679 1233 3746 reraoi

71 3796 221 3865 relatione
243 3797 418 3865 didicimus.
452 3796 680 3864 Niehilominus
702 3796 742 3862 de
762 3816 827 3862 nna
845 3800 944 3879 ourte,
967 3815 1048 3881 quae
1060 3796 1122 3862 fuit
1135 3794 1232 3862 Hein-

72 3914 126 3980 rioi
147 3912 219 3981 Rufi
242 3913 281 3980 de
303 3910 490 3999 Groninga⁶‚
512 3914 727 3981 indubitanter
749 3912 961 3997 eognovimus.
1007 3910 1093 3991 Quae
1116 3910 1232 3995 omnia,

74 4029 162 4097 danti
182 4029 338 4097 veraciter
359 4029 400 4096 ad
421 4030 612 4118 prebendam
635 4027 886 4115 congregationis
908 4028 995 4095 etad
1010 4046 1139 4093 manum
1159 4046 1232 4113 pre-

74 4148 165 4232 positi
191 4146 352 4236 pertinere
377 4146 605 4231 intelleximus,
638 4147 685 4213 sio
717 4165 775 4234 per
803 4148 983 4233 presentem
1010 4144 1160 4231 paginam
1186 4141 1232 4209 eis

142 4302 162 4336 ι.
183 4290 251 4336 Hanc
271 4290 373 4335 tabulam
392 4306 421 4335 ex
441 4290 562 4349 weldypo
582 4289 655 4336 edidit
673 4287 765 4336 Erlard
785 4284 996 4351 Reg.Weetpl.11
1015 4284 1073 4333 coa
1089 4283 1145 4343 dipl.
1159 4282 1232 4345 padd.

76 4365 253 4416 blledenriens
269 4368 365 4416 &bord
429 4382 449 4416 e.
471 4369 585 4426 (bruninga
601 4368 653 4415 Erb.
717 4368 739 4415 d
761 4368 837 4415 astera
857 4366 944 4414 addidi
961 4382 991 4411 a
1010 4364 1111 4411 Erbardr‘
1128 4364 1232 4412 esaim

78 4458 97 4492 e.
114 4446 449 4499 momumento.
508 4447 668 4496 tninlnae.
