3117 4859
312 223 337 287 4
722 238 937 289 nnsssnsmo
959 239 987 288 e.
1003 236 1076 288 vrri

311 387 459 467 torosque
486 380 681 468 patriarchas
704 387 736 450 et
758 382 928 470 prophetas
951 380 1105 450 miracula
1125 381 1293 467 iacientes,
1324 379 1482 469 apostolos
1556 419 1557 472 3

312 517 435 583 quoque
455 497 568 565 umbra
588 497 641 566 vel
662 495 870 566 semicinctio¹
891 495 1032 566 infirmos
1048 504 1204 583 curantes,
1226 503 1367 566 mortuos
1383 497 1480 566 susci·
1556 547 1557 550 ,

298 613 424 681 'tentes
469 613 538 699 Ego
566 619 673 683 tumen
700 615 811 684 mirari
838 635 903 682 non
931 616 1054 700 desino,
1084 615 1219 701 qualiter
1245 615 1297 683 vel
1325 613 1480 701 quomodo
1556 609 1557 702 ζ

310 730 402 796 fortis
423 729 457 796 in
479 732 637 818 passione,
661 737 808 801 strenuus
823 733 858 799 in
872 732 1032 800 reddenda
1045 732 1178 818 ratione,
1202 732 1347 800 assiduus
1361 731 1397 798 in
1412 751 1480 797 ora-
1555 805 1557 824 ι

310 846 405 931 tione,
426 845 610 916 inflexibilis
633 850 730 916 etiam
750 850 786 916 in
807 851 908 938 patrie
930 850 1075 917 suasione
1096 847 1266 937 persistero
1287 849 1393 937 potuit
1413 847 1482 916 ath-

309 961 374 1030 lcta
388 962 507 1031 Christi
521 964 624 1050 Vitas,
647 966 847 1034 beahsdmus
869 985 949 1054 puer
970 971 1003 1034 ot
1016 971 1147 1054 martyr.
1183 965 1247 1034 Sed
1260 965 1338 1034 haec
1352 965 1482 1032 miranti
1555 1035 1557 1052 Α

309 1081 374 1148 iam
395 1081 522 1167 iamque
544 1088 689 1149 occurrat
708 1088 780 1168 tac,
809 1083 961 1169 Domine,
991 1083 1103 1172 pietas.
1149 1081 1304 1152 Fecerunt
1326 1082 1482 1169 siquidem
1556 1059 1557 1084 ¹

309 1199 411 1264 emoti
432 1198 601 1284 miracula,
624 1199 680 1267 sed
701 1200 807 1267 nullus
831 1201 899 1268 sine
920 1205 967 1284 te3
991 1205 1075 1268 corto
1098 1205 1134 1267 tu
1155 1201 1190 1268 in
1213 1199 1375 1285 omnibus,
1400 1205 1433 1267 et
1455 1198 1482 1266 si

308 1320 355 1399 tu,
378 1315 567 1383 omnimodis
589 1320 622 1383 ct
642 1316 677 1383 in
698 1317 769 1384 isto.
804 1315 891 1385 Haec
911 1322 1040 1402 tuaest,
1063 1316 1207 1402 Domine,
1230 1317 1482 1404 venerandapo·

309 1436 424 1517 metas,
447 1431 526 1500 haec
546 1438 674 1500 tuorum
696 1434 872 1502 certissima
894 1433 988 1520 fides,
1012 1434 1096 1520 quod
1117 1453 1248 1502 maneus
1269 1434 1353 1501 inter
1376 1433 1485 1500 omnia
1556 1421 1557 1424 ¹

310 1547 527 1636 complecteris
550 1551 666 1636 omnia,
688 1551 774 1618 idem
792 1571 927 1618 manens
950 1551 1081 1618 innovas
1098 1551 1213 1635 omnia,
1236 1569 1393 1636 nusquam
1407 1549 1483 1616 dces
1556 1547 1557 1556 ’

310 1671 343 1732 ct
363 1666 479 1752 ubique
500 1673 585 1735 totus
608 1689 652 1735 es.
686 1668 827 1753 Agamus
850 1668 947 1753 igitur
967 1668 1141 1735 indefessas
1156 1667 1285 1753 gratius,
1307 1666 1511 1766 laudemus,¹
1556 1655 1557 1712 1

310 1783 476 1852 adoremus
499 1805 583 1870 eum,
606 1785 661 1872 qui
681 1785 758 1854 lecit
777 1805 846 1870 nos,
869 1805 927 1873 per
948 1783 1072 1852 infinita
1093 1784 1209 1852 secula.
1243 1784 1356 1851 Amen.
1556 1765 1557 1822 i

399 1912 479 2012 Post
500 1945 669 2014 salvatoris
691 1946 793 2014 nostri
808 1945 879 2014 Iesu
894 1945 1012 2014 Christi
1029 1945 1209 2034 passionem
1231 1950 1263 2013 et
1278 1945 1483 2012 resurrectio-
1556 1963 1557 1966 ’

308 2082 393 2148 nem,
416 2067 489 2149 post
510 2063 687 2151 triumphos
703 2062 916 2150 apostolorum
931 2083 968 2130 ac
982 2063 1148 2130 victorias·
1163 2067 1340 2150 martyrum
1354 2061 1485 2129 tandem
1556 2043 1557 2132 ᾗ

309 2178 378 2266 ipse
401 2200 458 2245 rex
480 2200 590 2263 regum
613 2184 645 2246 et
667 2179 812 2246 dominus
835 2180 1003 2264 virtutum,
1034 2179 1191 2266 superatis
1218 2179 1306 2266 pacis
1334 2179 1484 2262 inimicis,
1556 2205 1557 2234 1

310 2315 420 2383 pacem
450 2295 599 2363 ecclesiae
627 2317 702 2386 suae
731 2297 885 2382 restituit,
916 2295 993 2363 adeo
1021 2299 1058 2361 ut
1084 2295 1148 2382 ipsi
1169 2316 1259 2380 reges
1283 2295 1324 2362 ad
1345 2295 1485 2362 tumulos
1556 2305 1557 2374 ξ

310 2416 487 2499 martyrum
508 2412 661 2500 prostrati
684 2411 816 2478 adorent
830 2418 861 2479 ct
876 2411 1041 2496 gloriosius
1056 2412 1091 2477 in
1106 2412 1261 2479 frontibus
1277 2412 1342 2478 suis
1358 2431 1486 2480 crucem

311 2528 430 2596 Christi
453 2551 547 2615 quam
574 2528 720 2595 diadema
746 2527 887 2612 regium¹³
910 2534 1036 2617 portare
1065 2549 1098 2596 se
1128 2527 1299 2614 gaudeant,
1329 2528 1485 2616 simulque

310 2667 368 2733 pro
384 2645 445 2712 fide
461 2651 555 2733 atque
570 2651 655 2713 statu
670 2645 819 2712 ecclcsiae
835 2644 994 2712 decertare
1009 2645 1209 2730 contendant,
1228 2645 1344 2711 honore
1360 2665 1485 2732 quoque

310 2764 449 2831 maximo
473 2784 591 2848 eorum,
616 2783 693 2850 quos
717 2767 929 2829 antecessores
952 2762 1002 2828 sui
1022 2761 1227 2847 trucidarant,
1251 2761 1395 2848 sepulcra
1418 2782 1486 2828 am·

311 2877 409 2946 biaut.
443 2877 529 2958 Quae
552 2878 685 2946 victoria
699 2878 827 2964 Christi,
851 2898 922 2943 cum
944 2879 1083 2965 primum
1104 2877 1189 2966 apud
1203 2877 1360 2945 Romanos
1383 2878 1486 2965 tripu-

312 2995 423 3079 diaret,
445 2973 727 3080 Longobardorum
749 2998 875 3078 gentem
896 2995 1075 3080 penetravit
1097 3000 1190 3080 atque
1212 2995 1247 3060 in
1260 2991 1395 3061 Francia
1417 2993 1486 3078 glo·

312 3112 426 3178 riosius
453 3088 650 3198 triumphare
678 3111 796 3196 coepit,
826 3109 984 3199 Hispanos
1008 3111 1100 3196 adiit,
1128 3109 1297 3178 Britannos
1320 3111 1485 3197 conclusit,

312 3227 488 3312 Anglorum
510 3232 636 3312 gentem
659 3226 797 3312 subegit3
822 3231 863 3312 et,
886 3225 961 3294 licet
983 3227 1146 3314 compulsi,
1169 3228 1232 3316 ipsi
1256 3227 1406 3314 Saxones,
1431 3227 1487 3314 qui

312 3343 489 3427 Anglorum
511 3345 589 3411 socii
610 3346 750 3428 fuerant,
779 3343 893 3410 devota
920 3349 1024 3410 mente
1054 3343 1135 3411 colla
1156 3345 1354 3411 submittunt.
1399 3341 1486 3412 Laus

313 3459 410 3544 igitur
432 3460 492 3528 soli
506 3459 631 3528 Christo
655 3466 687 3528 et
708 3459 810 3545 gloria
824 3459 1054 3546 inenarrabilis,
1077 3461 1132 3547 qui
1148 3481 1264 3529 nomen
1279 3481 1371 3528 suum
1386 3481 1486 3547 usque

313 3575 348 3642 in
369 3579 521 3645 terminos
536 3577 702 3645 universae
722 3582 826 3644 terrae
842 3583 952 3644 notum
966 3575 1035 3644 ficri
1049 3577 1158 3644 voluit.
1194 3577 1335 3657 Qualiter
1350 3577 1485 3666 denique

314 3693 455 3761 Saxones
479 3695 520 3761 ad
540 3692 636 3762 fidem
658 3701 751 3782 atque
774 3693 815 3761 ad
838 3696 1029 3780 agnitionem
1045 3693 1189 3761 veritatis
1212 3695 1352 3762 converti
1373 3701 1486 3784 potue·

313 3811 388 3895 rint,
411 3811 549 3878 breviter
570 3812 606 3878 in
628 3811 771 3898 sequenti
795 3816 960 3878 annectere
982 3810 1056 3877 huic
1078 3811 1227 3898 opusculo
1250 3811 1367 3880 curavi.

164 3932 304 3990 752-'168
402 3925 450 3993 Eo
472 3927 570 4013 igitm
591 3933 749 4015 tempore,
778 3949 839 4014 quo
861 3927 1016 4013 gloriosus
1038 3949 1095 3996 rex
1116 3927 1270 4018 Pippiuus
1292 3927 1485 3996 Francorum

314 4045 443 4130 regebat
457 4043 636 4132 imperium,
651 4043 712 4112 fuit
723 4045 772 4111 vir
787 4043 975 4112 venerabilis
990 4043 1180 4113 Fulradus⁶¹
1194 4045 1332 4132 nomine,
1348 4045 1403 4131 qui
1417 4065 1485 4112 mo·

384 4184 541 4236 a'memorias
557 4191 579 4235 2.
591 4191 613 4235 3.
675 4187 697 4233 b.
713 4201 791 4246 regum
807 4189 829 4234 2.
840 4189 863 4233 3.
925 4201 944 4235 c.
960 4186 1070 4236 Fohadns
1087 4191 1108 4236 2.

386 4275 411 4331 1.
430 4275 465 4332 V.
484 4273 692 4345 Act.apost.5‚
705 4273 739 4329 15
757 4278 786 4329 et
804 4275 850 4344 19,
870 4274 913 4329 12.
984 4277 1010 4331 2.
1033 4273 1119 4332 abbas
1136 4275 1295 4332 monosterii
1312 4273 1339 4333 S.
1356 4273 1485 4350 Dionysii

315 4377 402 4434 prope
420 4365 560 4421 Lutetiam
576 4362 743 4419 Parisiorum
763 4361 922 4418 acc-lca
