3117 4859
337 249 403 320 ode
669 269 819 318 wmarnr
838 267 1025 318 errorores
1043 267 1098 317 ere.
1114 267 1169 317 ero.

250 417 319 474 uta
337 412 435 480 frater
448 407 638 496 wibaldus)
659 409 720 480 Dei
742 411 846 498 gretie
867 412 910 497 id,
934 412 1019 499 quod
1039 416 1089 480 est
1108 413 1143 480 in
1165 412 1321 481 aeoolosia
1342 413 1499 501 catholien

337 529 466 614 exiguas
489 529 647 597 orationes
670 532 702 596 ιι
723 527 872 596 devotum
894 529 1067 596 servitium.

424 642 607 730 Dignetioni
629 649 753 714 restrae
773 643 965 731 multiplices
986 646 1158 730 manuum
1173 647 1315 714 aetiones
1329 645 1502 731 referimus,

336 761 430 849 quod,
452 761 603 848 quamdiu
624 762 659 828 in
680 759 885 846 Lotheringia
905 761 1020 846 fuistis,
1043 763 1228 830 memoriam
1246 767 1381 830 nostrae
1402 764 1504 851 perri·

335 877 411 946 tatis
433 877 468 944 in
489 897 605 962 magno
626 876 839 946 benivolentia
860 882 892 944 et
913 877 1129 947 benedietione
1147 878 1303 947 habuistis
1318 886 1506 966 nostrosque

336 1013 374 1062 eo
394 999 504 1062 nostra
524 993 615 1062 iuxta
635 993 787 1081 temporis
807 995 1052 1081 oportunitatem
1074 999 1222 1082 prompta
1243 995 1434 1063 defensione
1454 997 1506 1064 ed-

335 1111 471 1195 iuristis,
494 1110 576 1178 siout
598 1130 656 1197 per
676 1110 799 1178 litteras
820 1107 961 1178 fidelium
980 1117 1170 1196 nostrorum,
1191 1110 1286 1196 longe
1306 1114 1441 1197 remoti,
1462 1113 1506 1179 di·

335 1228 477 1295 didimus.
512 1226 574 1295 Pro
602 1228 652 1294 his
678 1227 776 1312 igitur
801 1233 869 1294 tam
895 1231 1046 1314 paternae
1072 1225 1306 1294 misericordiae
1333 1227 1506 1296 offleiiset

334 1363 503 1432 personam
529 1349 667 1412 ventrem
694 1343 882 1431 propensius
909 1343 949 1411 de
977 1349 1081 1412 cetero
1108 1343 1238 1429 diligere
1268 1349 1301 1412 ιι
1329 1343 1505 1412 Romanam

335 1462 455 1529 ouriem
479 1461 628 1528 attentius
650 1461 795 1527 venerari
816 1459 1039 1546 disposuimus,
1061 1461 1107 1527 ite
1127 1465 1165 1527 ut
1184 1480 1286 1547 neque
1299 1481 1393 1528 mors
1408 1482 1506 1550 neque

334 1579 402 1646 rite
421 1598 480 1645 nos
503 1577 542 1644 ab
565 1576 665 1664 ipsius
688 1577 820 1644 ιιιίιιιι
840 1576 942 1664 possit
963 1575 1120 1644 divellere.
1206 1576 1287 1643 Cum
1309 1585 1505 1647 revertentes

335 1694 375 1764 ab
396 1693 481 1763 Urbe
504 1692 667 1760 Coloniam
688 1713 761 1760 oum
782 1694 897 1760 domno
920 1692 1153 1781 arehiepieeopo
1167 1695 1439 1782 pervenissemus,
1461 1698 1504 1763 in·

334 1811 477 1880 venimus
505 1810 656 1878 domnum
678 1809 889 1893 T(iebaldum)
911 1809 1104 1877 Xonteneem
1130 1811 1329 1898 prepositum
1358 1813 1453 1896 graui
1476 1819 1505 1880 et

334 1927 429 2012 longe
449 1923 633 1995 infirmitate
656 1927 733 1994 tdeo
756 1925 970 2012 debilitatum,
997 1932 1049 2012 ut,
1076 1930 1147 1993 oute
1175 1926 1297 1994 ossibus
1321 1927 1503 2014 adherente,

334 2042 495 2111 infirmum
516 2043 571 2110 rix
593 2043 733 2110 traheret
754 2043 910 2131 spiritum
944 2042 1132 2110 Audivimus
1152 2047 1257 2110 eutem
1271 2044 1402 2131 priores
1417 2045 1503 2114 colo

334 2157 453 2228 niensis
468 2159 636 2228 eeoolesiee
651 2161 685 2226 in
700 2178 813 2244 magno
829 2159 1012 2226 olerioorum
1032 2163 1186 2227 eonventu
1200 2158 1400 2246 eonfitentes,
1426 2162 1502 2248 quod

334 2277 494 2365 predictus
516 2277 695 2365 prepositus
718 2295 752 2344 se
774 2276 816 2343 ed
837 2295 963 2344 omnem
983 2276 1143 2343 iustioiem
1163 2277 1345 2363 frequenter
1362 2278 1399 2344 in
1414 2278 1501 2347 Colo

333 2394 437 2462 nienei
460 2393 610 2462 oeeelesie
632 2391 825 2460 exhibuisset
846 2413 940 2482 super
955 2391 1092 2479 querela
1114 2411 1209 2479 quam
1223 2394 1369 2461 oenoniei
1384 2397 1439 2462 sui
1452 2395 1501 2462 ad

334 2529 442 2578 versus
465 2531 537 2578 eum
559 2510 750 2595 habuerant,
778 2529 851 2577 oum
876 2487 962 2576 idem
987 2508 1130 2576 oononiei
1151 2529 1225 2597 sepo
1247 2510 1267 2577 d
1287 2511 1413 2580 maiore
1434 2533 1501 2600 pre·

333 2627 436 2716 posito
464 2632 497 2694 et
523 2626 683 2714 prioribus
704 2645 763 2713 pro
785 2625 845 2693 hoo
866 2626 969 2693 rooeti
990 2625 1100 2693 venire
1120 2626 1382 2714 supersedissent
1429 2628 1500 2696 Pro

334 2743 408 2813 inde
429 2763 501 2829 nos,
524 2739 583 2809 filii
604 2743 717 2828 vestri,
745 2761 824 2808 ausu
845 2762 939 2810 verae
961 2743 1118 2828 oaritatis,
1146 2763 1208 2829 quo
1228 2763 1284 2810 vos
1306 2744 1342 2811 in
1366 2745 1500 2813 Domino

334 2859 509 2946 diligimus,
537 2863 662 2927 restrae
690 2858 832 2926 oculatae
857 2858 1038 2926 discretioni
1064 2860 1276 2945 suggerimus,
1303 2865 1341 2926 ut
1370 2863 1500 2929 eandem

333 2994 460 3043 oausam
488 2975 603 3070 domno
632 2974 812 3043 Coloniensi
839 2975 1073 3062 arehiepisoopo
1102 2977 1300 3043 tractandam
1326 2979 1499 3045 terminan-

333 3093 468 3178 damque
489 3091 669 3177 remittatis,
692 3111 750 3160 neo
764 3092 804 3159 de
820 3093 1002 3176 gravamine
1015 3093 1228 3180 prenominati
1241 3094 1400 3181 propositi
1414 3095 1499 3162 robis

334 3209 373 3276 eb
396 3207 499 3296 aliquo
521 3209 704 3297 persuaderi
725 3208 927 3297 permittetis.

810 3341 1021 3356 ffl-

335 3420 423 3494 379.
443 3425 601 3492 Arrwlduo
614 3425 651 3491 ΙΙ
665 3424 911 3513 archiepiscopos
927 3425 1113 3492 dodorim
1125 3423 1307 3490 Hedore'srsm
1322 3428 1500 3514 episeopo·

444 3541 636 3608 meroem
663 3543 701 3608 de
724 3543 863 3610 mutilato
885 3553 1068 3644 odoremque
1088 3540 1196 3630 fratre
1215 3541 1391 3608 Venetae-'0
1415 3545 1499 3610 Goto-

442 3659 529 3724 m'am
550 3660 585 3724 io
605 3659 654 3725 dee
674 3671 771 3726 ooeot.
1337 3655 1396 3738 (Μ.
1412 3659 1498 3740 358.)

245 3805 315 3864 1152
419 3790 604 3875 Atmoldus)
620 3791 681 3859 Dei
703 3790 807 3877 gratie
827 3792 856 3859 si
878 3791 954 3878 quid
969 3795 1017 3858 est
1031 3794 1158 3858 ιιιιιιιι
1172 3788 1369 3858 Coloniensis
1384 3792 1498 3863 aeoole-

252 3881 308 3943 Ψ·
333 3908 399 3976 siae
421 3907 549 3975 humilis
567 3908 711 3975 minister
726 3905 898 3991 H(einrioo)
913 3907 1024 3976 eadem
1037 3907 1140 3990 gratie
1153 3907 1325 3976 venerabili
1340 3907 1497 3978 Mindensi

333 4026 480 4114 episeopo
504 4022 637 4092 salutem
660 4028 692 4092 et
714 4025 870 4092 orationes
891 4023 926 4090 in
947 4023 1092 4090 Domino.

421 4139 580 4208 Laetuose
601 4141 728 4227 quidem
749 4145 783 4208 et
803 4141 929 4208 omnino
951 4138 1139 4208 miserabilis
1154 4141 1350 4226 querimonia
1363 4140 1405 4208 de
1417 4161 1493 4208 noro

334 4263 365 4326 ιι
386 4257 603 4325 infandissimo
628 4257 744 4326 scelere
766 4258 806 4324 ad
828 4277 885 4324 nos
908 4261 941 4326 et
962 4263 1104 4325 sanatam
1124 4263 1259 4326 matrem
1279 4263 1424 4326 nostram
1437 4257 1491 4325 Co

331 4374 504 4443 lonieusem
527 4375 709 4444 aooelesiam
730 4373 854 4466 perlata
874 4374 1015 4443 omnium
1036 4380 1157 4447 mentes
1175 4374 1377 4446 aoerbissimo
1390 4373 1488 4444 dolore
