3117 4859
292 287 360 355 534
629 301 778 350 wmsrmr
798 297 988 348 mooun
1006 297 1061 346 soe.
1076 297 1132 347 sou.

200 451 270 508 1152
294 447 394 514 tiones
418 443 500 512 inire
523 443 697 530 deberetis,
719 463 779 531 pro
801 441 952 510 familiari
973 446 1082 508 mmeu
1103 445 1136 509 et
1155 440 1271 508 intima
1291 439 1474 524 decedens,

193 526 234 576 Μ’
246 526 276 575 ⁹⁶
295 583 357 650 qua
378 562 592 630 sinceritatem
615 565 754 628 vestram
775 559 870 643 longo
892 559 958 625 iam
978 563 1121 644 tempore
1142 559 1320 642 diligimus,
1351 576 1476 624 ammo-

292 699 368 748 nere
391 697 540 746 coronam
561 681 701 745 vestram
723 696 788 743 non
810 675 1033 755 dubitavimus,
1055 680 1093 742 ut
1115 675 1200 762 apud
1220 674 1375 742 domnum
1388 673 1476 741 liin-

293 797 423 864 densem
445 800 479 862 et
500 793 685 863 aecclesiam
707 792 809 879 ipsius
831 792 872 859 ab
893 790 953 859 hac
975 791 1153 878 suspicione
1174 790 1307 876 gloriam
1330 797 1477 860 vesum

292 911 429 980 liberare
450 932 514 979 non
537 909 760 994 dedignemini.

382 1027 484 1095 Auxit
512 1027 597 1094 enirn
624 1030 746 1093 metum
774 1024 921 1111 episcopo
948 1022 1128 1090 litterarum
1160 1028 1359 1110 cestuum,
1392 1043 1479 1111 qnae

293 1146 409 1213 domno
432 1165 535 1233 papae
557 1163 615 1231 pro
639 1142 749 1210 eodem
771 1141 898 1226 negotio
920 1139 1057 1228 scriptae
1071 1136 1173 1224 sunt¹‚
1193 1141 1342 1228 inspecta
1363 1142 1478 1227 omiss,

294 1283 375 1349 quae
397 1282 456 1349 pro
478 1260 580 1347 ipsius
602 1257 784 1325 innocentia
804 1256 903 1324 nichil
924 1276 1017 1341 agere
1039 1255 1196 1325 videntur.
1230 1256 1315 1337 Quas
1339 1258 1479 1325 avob'u

295 1379 429 1466 scriptus
452 1378 519 1444 sive
541 1374 697 1464 perlectas
720 1375 848 1441 omniuo
870 1372 1071 1457 negavimus3
1095 1374 1135 1441 ob
1156 1374 1218 1442 hoc
1233 1373 1367 1459 scilicet,
1388 1373 1478 1461 quod

294 1495 504 1580 intelligentia
525 1496 633 1559 vestm
654 1491 733 1558 bene
756 1491 889 1575 uomet,
912 1489 973 1556 hoe
994 1509 1064 1557 esse
1084 1490 1245 1558 inferioris
1264 1491 1382 1558 iudicis
1405 1489 1477 1558 ofli-

295 1613 395 1679 cium:
425 1615 477 1694 nt,
507 1629 579 1676 cum
607 1607 744 1696 abipso
774 1607 816 1674 ad
837 1607 1032 1694 superiorem
1059 1607 1157 1674 fuerit
1185 1607 1400 1695 appellum,
1429 1609 1479 1674 ita

296 1707 421 1794 studeat
450 1725 583 1794 actionis
613 1724 756 1792 ordinem
783 1743 947 1807 comare,
979 1727 1017 1789 ut
1044 1723 1184 1810 equitate
1212 1729 1339 1791 murata
1367 1725 1477 1791 neutri

172 1855 174 1859 ’
295 1843 381 1932 parti
408 1842 553 1910 videatur
582 1842 723 1909 mvorem
750 1839 928 1908 inclinasse.
963 1838 1052 1930 Quod
1073 1840 1109 1906 in
1128 1838 1245 1908 littens
1265 1839 1330 1908 illis
1353 1861 1478 1928 neque

296 1979 391 2047 quam
412 1959 533 2026 factum
556 1978 624 2024 esse
647 1957 850 2042 cognoscetis.
873 1991 916 2002 -

250 2155 252 2168 .
384 2077 455 2164 Epo
479 2076 662 2157 Wecklein,
694 2075 762 2140 Dei
786 2075 894 2161 prasio
919 2074 1072 2140 diaconae
1094 2086 1124 2140 et
1144 2086 1271 2140 sumtus
1292 2074 1478 2141 Madame

296 2193 463 2260 aecclesiae
486 2192 722 2280 quanticumque
744 2192 923 2270 aeneum,
944 2211 1067 2277 popum
1081 2190 1219 2278 appello,
1242 2193 1345 2278 putee
1360 2193 1478 2258 melu

297 2332 345 2376 me
368 2323 397 2376 et
417 2333 487 2376 osec
509 2311 715 2386 committerem
738 2309 783 2374 ccl
805 2328 897 2394 quem
914 2319 944 2371 te
957 2303 1175 2390 Heme)
1190 2308 1389 2374 Meum
1403 2313 1475 2396 epi·

297 2448 426 2514 scopum
448 2428 566 2507 invito,
592 2424 817 2512 prestolentur
838 2422 1036 2510 subreptione
1061 2424 1211 2490 desesiae
1237 2445 1325 2490 meae
1357 2438 1387 2491 et
1406 2447 1475 2513 pm

298 2543 382 2624 eliis,
408 2537 489 2630 qaue
511 2542 608 2609 babeo
631 2553 741 2607 contra
763 2553 802 2621 te,
825 2561 1049 2627 responsurum
1069 2539 1175 2606 Nonis
1198 2539 1401 2628 septemvir.

386 2659 457 2746 Epo
487 2659 662 2725 Vostls'eoue
690 2657 902 2724 subdiaconus
930 2656 1055 2743 appello
1083 2669 1112 2722 te
1140 2655 1361 2740 Haemum)
1381 2659 1475 2724 Me*

297 2777 422 2842 desuem
451 2779 632 2863 episcopum
659 2775 704 2839 od
729 2774 922 2861 presentiam
949 2773 1071 2838 domes·
1090 2795 1200 2862 papae
1226 2775 1267 2840 de
1293 2775 1474 2862 sandapila,

298 2913 333 2958 so
358 2893 443 2978 quod
465 2905 517 2958 tusc
540 2891 672 2958 emoee'lio
697 2901 725 2956 et
746 2893 836 2956 iussa
858 2888 1038 2956 acuam
1058 2891 1120 2956 serr
1134 2903 1163 2957 et
1178 2889 1342 2978 plepem.
1377 2891 1476 2960 Dion

298 3021 399 3075 camo
421 3009 496 3074 Kal.
514 3007 667 3075 Oescus.

388 3121 578 3190 Huiusmodi
606 3121 833 3210 appellationes
861 3119 959 3188 immo
988 3140 1063 3190 uero
1091 3121 1306 3208 confudones,
1335 3121 1475 3192 effiacfis

300 3238 421 3307 loribus
444 3239 599 3328 episcopi,
627 3257 691 3306 non
718 3237 836 3324 absque
862 3237 1024 3322 sanguinis
1053 3235 1202 3306 ellumoue
1227 3239 1263 3307 in
1288 3240 1473 3328 parimento

300 3360 375 3422 sunt
395 3357 570 3442 proiectae,
603 3360 634 3423 et
656 3355 738 3422 siout
760 3354 907 3441 episcopo
933 3373 998 3420 non
1027 3359 1244 3441 presentatus,
1271 3357 1320 3423 ita
1346 3377 1407 3426 nec
1431 3357 1473 3424 ab

299 3472 370 3559 ipso
398 3471 495 3540 visae.
530 3472 613 3550 Ques
643 3471 770 3557 quidem
797 3491 855 3538 nos
883 3490 905 3537 a
929 3490 1027 3538 mauu
1054 3472 1166 3540 (lecum
1191 3471 1363 3542 aecclesiae
1387 3473 1474 3543 beati

299 3587 430 3656 Martini
451 3588 486 3656 in
507 3587 617 3656 Minda
639 3587 748 3656 eadem
770 3587 822 3655 die
843 3586 1049 3674 suscepimus.

299 3773 389 3845 401.
409 3771 572 3865 Especias
595 3777 653 3843 ΙΠ
668 3800 761 3865 papa
791 3777 926 3866 capitulo
955 3777 1216 3864 Mcpdebespeses‘
1237 3781 1411 3867 praecipit,
1436 3791 1474 3845 a!

397 3883 609 3951 wichmanno
633 3886 775 3972 episcopo
800 3886 926 3967 Cissei,
953 3883 1097 3952 ecckeiae
1118 3885 1396 3974 Mcpdeburpenes's
1423 3889 1471 3952 ὑι-

409 3995 522 4073 caseri,
544 3994 695 4058 resistant.
1308 3989 1364 4076 (bl.
1381 3991 1468 4075 381.)

166 4093 172 4119 '
207 4123 278 4180 1152
387 4105 549 4191 Eugenius
572 4106 756 4195 episcopus·
778 4127 888 4174 servus
910 4127 1073 4175 servorum
1086 4105 1147 4173 Dei
1164 4106 1312 4174 universo
1332 4107 1468 4196 capitulo

200 4199 282 4257 ΔΨ
299 4221 596 4309 Magedeburgensis
611 4223 780 4292 aecclesiae
795 4223 929 4292 salutern
945 4228 977 4292 et
991 4221 1196 4310 apostolicam
1208 4221 1464 4293 benedictionem.

371 4353 393 4387 a.
412 4337 533 4400 episeopus
549 4357 592 4386 osu.
602 4337 653 4386 cod.

372 4417 398 4472 1.
415 4431 460 4486 ep.
472 4416 525 4472 886
543 4431 627 4487 supra
643 4431 671 4487 p.
684 4415 746 4473 518.
