3117 4859
266 279 272 294 “
357 280 423 348 436
691 298 839 348 wunsam
859 297 1046 349 namucum
1065 299 1120 347 soe.
1136 298 1190 348 eor.

234 444 305 502 1150
357 441 469 526 gimus,
493 444 529 507 ut
549 441 690 529 predicto
712 440 921 527 Eiverhardo)
942 442 1134 529 presbitero,
1157 442 1211 528 qui
1231 440 1298 511 iam
1318 437 1372 509 diu
1391 446 1493 529 aposto·

198 518 247 567 ⁰⁰l
257 520 343 641 ff⁰⁸⁰'
355 556 434 625 licae
456 558 706 628 mansuetudinis
720 580 812 628 auree
827 560 945 627 crebris
959 558 1148 627 clamoribus
1162 559 1318 645 fatigant,
1339 576 1493 625 mou

355 674 512 741 iusticiam
540 674 579 743 de
601 675 665 761 his,
694 677 748 763 qui
771 676 854 745 oona
880 696 938 743 sua
959 676 1113 744 violenter
1133 677 1331 760 invaserunt,
1357 675 1420 741 sine
1436 694 1495 761 pro

354 790 476 859 lixieris
499 812 606 860 morae
625 792 786 861 obstaculo
808 793 943 879 hostia
964 798 1033 860 tum
1051 813 1109 880 pro
1129 794 1237 861 domni
1251 812 1363 882 papae,
1384 791 1432 877 qui
1448 789 1496 855 hoc
1546 825 1547 834 κ

355 912 478 977 vestrae
501 908 683 978 discretioni
711 914 743 979 et
765 910 839 978 viva
859 928 936 978 voce
963 915 996 978 et
1022 909 1123 979 literis
1151 910 1306 996 iniunxit,
1334 907 1496 989 revomis

288 1100 292 1112 ¹
354 1032 423 1093 tum
451 1046 509 1113 pro
536 1030 663 1095 nostroe
690 1026 853 1115 petitionis
881 1028 1076 1113 interventu,
1107 1028 1162 1114 qui
1188 1027 1278 1095 robis
1306 1025 1366 1093 hoc
1385 1028 1497 1092 versa
1546 995 1547 1032 ¹

354 1142 466 1209 humili
487 1140 548 1211 lide
570 1142 761 1212 consulimus
785 1149 817 1213 et
831 1164 872 1211 ex
886 1142 1041 1231 promisso
1055 1148 1160 1211 vestro
1175 1164 1233 1231 per
1245 1143 1355 1211 literae
1368 1147 1498 1227 tanqm

354 1258 494 1329 debiturn
516 1260 719 1348 reposcimus.

356 1471 444 1544 307.
462 1474 621 1542 Wiholdas
635 1475 783 1543 Heinrico
807 1475 1037 1565 archiepiscopo
1052 1475 1235 1563 Mopaats'ao
1249 1476 1355 1542 eccidit
1375 1475 1413 1540 de
1424 1472 1497 1539 Folo·
1546 1421 1547 1456 l

462 1594 539 1658 colai
561 1593 599 1659 de
623 1591 815 1681 Scaleodery
835 1594 1032 1658 mhimmec'o
1056 1593 1236 1657 dirirncrsdo.
1358 1586 1411 1672 (ll.
1425 1588 1496 1667 itt.)
1546 1603 1547 1638 ἓ

441 1722 623 1793 Reverendo
635 1725 720 1813 patri
734 1746 791 1792 suo
808 1730 840 1793 et
854 1724 980 1793 domino
991 1724 1164 1809 H(einrico)
1180 1728 1307 1792 sanctae
1317 1722 1496 1809 Mogontiaco
1546 1743 1547 1800 ,

353 1838 521 1908 eecclesiae
548 1842 720 1910 venerabili
748 1841 983 1930 archiepiscopo
1009 1840 1198 1925 Wlibaldus)
1226 1839 1287 1909 Dei
1313 1841 1416 1926 gratia
1438 1838 1497 1905 (lor-

352 1956 487 2025 beisnsis
506 1958 674 2028 aecclesiae
686 1980 795 2027 servus
807 1959 954 2044 exiguas·
965 1959 1122 2026 orationes
1139 1964 1171 2026 et
1185 1958 1334 2027 devotum
1345 1956 1494 2025 seruitium
1546 1985 1547 2046 r

439 2072 604 2143 Referente
631 2076 745 2144 domno
768 2076 909 2144 Folwino
937 2076 977 2143 de
1003 2074 1198 2160 Sualenberg
1223 2074 1406 2159 didicimus,
1431 2068 1497 2158 qnod

351 2191 441 2259 iuxta
463 2191 666 2261 sacerdotalis
689 2191 785 2261 officii
806 2193 994 2279 dignitatem
1015 2212 1091 2277 erga
1112 2193 1218 2279 ipsum
1245 2196 1278 2259 et
1297 2210 1427 2259 uxorem
1445 2188 1496 2255 dus

351 2307 493 2377 districte
515 2310 674 2378 iusticiam
697 2310 881 2378 custodiatis
904 2315 946 2397 et,
968 2309 1080 2378 relicta
1092 2309 1196 2376 carnis
1215 2315 1247 2376 et
1260 2308 1421 2395 sanguinis
1434 2303 1496 2372 cari
1546 2313 1547 2392 t

350 2430 426 2512 tote,
450 2427 607 2513 spiritum,
632 2427 686 2514 qui
700 2426 857 2496 libertatis
876 2432 924 2495 est
939 2432 1048 2494 auctor
1062 2431 1094 2495 et
1107 2430 1309 2513 propagator,
1333 2420 1494 2513 sequamini
1546 2401 1547 2440 ³

350 2540 441 2611 Unde
464 2548 495 2611 et
518 2564 575 2611 nos
604 2542 703 2628 glorie
724 2548 829 2612 vestre
855 2544 1027 2631 plurimum
1055 2544 1089 2610 in
1111 2540 1248 2609 Domino
1275 2541 1495 2628 congaudemus,

351 2662 468 2747 qnippe
491 2662 545 2749 qui
566 2662 601 2727 in
623 2660 682 2728 hac
704 2680 800 2728 causa
820 2660 918 2728 nichil
940 2658 1027 2727 ahud
1049 2680 1145 2747 quam
1158 2660 1325 2728 veritatem
1348 2658 1495 2746 quermu,

349 2776 448 2844 nichil
475 2776 561 2845 aliud
589 2797 683 2864 quarn
705 2778 872 2845 tentatam
899 2777 1076 2862 diligimus,
1104 2780 1137 2844 et
1158 2776 1292 2863 siquos
1320 2774 1495 2853 offendimus,

350 2898 481 2982 propter
502 2894 668 2963 veritatem
690 2890 887 2961 offendimus.
922 2894 1070 2962 Testatur
1087 2892 1244 2981 siquidem
1257 2893 1416 2981 predictus
1428 2886 1495 2974 Flol

351 3010 476 3096 winus),
500 3011 594 3098 quod,
619 3016 787 3098 antequam
810 3011 942 3079 eandem
963 3029 1094 3079 uxorem
1116 3030 1207 3078 suam
1228 3002 1495 3097 desponsaveritl
1546 3041 1547 3088 1

350 3126 536 3214 quibusdam
558 3147 616 3216 pro
639 3132 724 3197 certo
747 3133 943 3216 compertum
971 3127 1130 3213 habuerit,
1160 3126 1244 3213 qnod
1268 3126 1379 3195 morho
1399 3124 1494 3194 caduco
1546 3179 1547 3182 ,

348 3243 520 3329 laboraret3
550 3249 582 3311 et
609 3244 781 3313 multorum
808 3264 846 3312 ac
872 3244 1092 3329 religiosorum
1112 3242 1254 3310 virorum
1280 3242 1452 3311 testimonio
1469 3254 1494 3303 sc

349 3360 483 3447 probare
504 3381 598 3449 posse
621 3362 742 3447 asserit,
766 3361 850 3448 quod
870 3382 940 3430 eam
955 3360 1016 3429 eibi
1030 3359 1178 3449 copulare
1190 3359 1299 3445 nollet,
1321 3360 1351 3427 si
1363 3356 1496 3427 verteoittr¹
1546 3343 1547 3438 l

349 3476 407 3544 mli
428 3476 612 3547 infirmitate
635 3479 838 3564 detineretur,
860 3484 893 3546 et
913 3476 973 3546 hoc
994 3476 1178 3565 parentibus
1193 3476 1297 3564 puelle
1313 3476 1417 3563 pelam
1429 3469 1493 3540 indi·

349 3595 476 3663 caverit.
516 3594 613 3663 Novit
640 3600 745 3664 autem
772 3594 907 3665 eruditio
929 3599 1045 3680 νοεῖτε,
1069 3592 1163 3681 quod,
1185 3612 1257 3661 cum
1279 3592 1418 3661 inomni
1435 3604 1493 3655 con

348 3718 452 3781 tractu
479 3712 566 3781 heus
596 3718 628 3781 et
655 3712 745 3781 dolus
774 3712 885 3781 abesae
911 3710 1039 3796 debeat,
1067 3710 1217 3798 precipue
1242 3710 1279 3777 in
1304 3701 1492 3777 contrahendo
1546 3745 1547 3812 ἶ

348 3830 560 3916 matrimonio,
575 3828 631 3896 ubi
645 3827 722 3898 fides
737 3835 769 3897 et
784 3832 1016 3898 sacromentum
1031 3833 1201 3914 spectatur,
1212 3826 1329 3896 nullius
1345 3822 1406 3895 doli
1419 3820 1493 3890 dchct
1546 3823 1547 3906 l

349 3968 417 4015 esse
440 3946 603 4035 subposita
630 3946 822 4014 commixtio.
857 3945 997 4025 Quodsi
1023 3946 1070 4012 ita
1098 3949 1162 4029 eet,
1192 3942 1280 4011 nullo
1306 3941 1412 4029 regula
1433 3954 1493 4004 ooo·
1546 3927 1547 4010 ξ

349 4065 462 4149 stringi
483 4066 590 4151 potest
612 4062 654 4130 ad
676 4062 870 4151 sequendum
890 4062 935 4149 id,
959 4061 1043 4149 quod
1064 4078 1123 4129 nec
1143 4060 1280 4127 intendit
1301 4056 1489 4132 contonat
1545 4019 1547 4100 l

350 4202 408 4250 nec
422 4180 522 4250 voluit
537 4200 608 4248 cum
624 4181 763 4248 sentiret
799 4179 919 4248 Scienti
934 4178 1037 4265 legem
1050 4176 1209 4264 loquimur
1223 4184 1256 4245 et
1269 4198 1333 4245 non
1346 4166 1488 4262 mont

348 4298 407 4366 sub
430 4318 491 4387 quo
514 4297 622 4390 lapsus
645 4294 785 4387 periculo
808 4303 840 4366 et
860 4295 960 4366 laicus
982 4301 1015 4364 et
1035 4294 1158 4364 iuvenis
1179 4294 1246 4362 iam
1259 4294 1352 4381 longo
1371 4297 1488 4375 temport
1546 4315 1547 4336 ¹

420 4456 441 4491 2·
463 4442 576 4503 tigulia,
