3117 4859
388 277 537 327 wmmmr
557 277 744 328 mreroms
767 277 821 326 mc.
834 278 888 326 eor.
1153 263 1219 330 557

48 418 205 486 iniuriose
231 419 316 486 lacta
343 427 526 509 appareant.
572 420 724 508 Relinque
752 421 851 506 igitur
870 423 994 488 vestrae
1019 420 1221 506 diligentiae

48 535 188 604 discrete
210 535 447 624 dispensationi,
470 537 634 623 dignitatis
649 543 772 606 vestrae
793 538 996 625 prerogativa
1011 543 1044 605 et
1056 537 1220 606 familiari·

47 653 129 720 tatis
150 658 275 722 vestrae
302 656 538 722 conservatione
564 655 697 722 iniurias
725 655 884 741 utrimque
911 654 1011 720 factas
1038 656 1219 723 terminare.

49 767 149 837 Scitis
177 771 277 856 enim,
305 772 452 858 quoniam
481 771 644 840 castellum
669 791 774 840 meum
798 770 913 838 Salmis
935 775 969 838 et
989 776 1110 856 cetera,
1139 791 1220 857 quae

46 886 214 973 possideo,
242 887 276 952 in
303 907 382 975 pace
403 894 436 955 et
456 889 490 955 in
512 909 626 974 guerra
647 889 736 956 vobis
759 887 842 956 sicut
860 886 940 954 mibi
960 892 1074 974 parata
1095 907 1220 974 semper

46 1003 212 1071 suberunt.
259 1003 370 1071 Vester
392 1005 495 1072 enim·
517 1005 617 1073 bonor
638 1011 696 1090 est,
719 1005 870 1072 honorem
892 1023 999 1070 meum
1019 1009 1086 1070 tam
1107 1004 1141 1070 in
1164 1004 1219 1071 ab·

45 1119 154 1187 senua
180 1138 252 1187 mea
280 1139 374 1206 quam
401 1122 436 1188 in
462 1123 622 1208 presentia
649 1121 807 1208 diligendo
833 1141 1018 1188 comervare
1041 1126 1073 1188 et
1093 1139 1220 1188 consor-

44 1235 153 1303 vando
174 1237 267 1304 tueri.
301 1235 390 1316 Quod
412 1239 599 1306 iniuriarum
620 1245 797 1306 vestrarum
819 1237 979 1324 querelam
1000 1238 1118 1324 scripto
1140 1237 1219 1304 mibi

45 1350 261 1437 significastis,
283 1351 322 1420 de
344 1353 417 1420 sinu
439 1353 614 1422 dilectionis
636 1361 759 1423 vestrae
782 1353 905 1422 affirmo
926 1353 1132 1442 processiss03
1160 1374 1218 1420 uo-

45 1474 150 1535 stram
176 1469 263 1557 prior
289 1470 379 1538 vobis
408 1469 650 1556 significassem,
685 1471 713 1538 si
739 1471 878 1539 reversio
905 1476 1011 1538 vestra
1038 1470 1117 1538 mibi
1142 1475 1219 1537 nota

43 1585 170 1653 fnisset.
209 1585 341 1654 Veniam
364 1586 405 1654 ad
425 1607 482 1655 vos
504 1609 599 1675 quam
621 1589 718 1656 oioius
739 1594 860 1674 potero,
882 1587 971 1654 vobis
992 1586 1153 1654 locuturus
1175 1593 1217 1672 et,

43 1701 212 1788 utriusque
234 1701 351 1772 bonore
372 1710 566 1790 conservato,
589 1705 733 1773 dismobs
755 1704 952 1772 sermonibus
967 1704 1082 1772 vestris
1097 1705 1218 1772 obtem·

44 1837 174 1906 perans.

45 2030 139 2104 421.
158 2034 316 2102 witoldus
335 2035 431 2124 lepem
452 2038 610 2126 quondum
626 2035 838 2102 Stadalmem
855 2037 1026 2126 confimat.
1061 2033 1116 2117 (Μ.
1127 2036 1218 2118 403.)

138 2165 175 2232 In
207 2167 334 2235 nomine
367 2173 494 2236 sanctae
521 2173 554 2236 et
581 2167 760 2236 individuae
788 2168 941 2235 trinitatis
967 2166 1130 2236 Wiboldus
1158 2169 1220 2236 Dei

43 2282 265 2350 misericordia
298 2283 492 2353 Stabulensis
530 2285 626 2352 abbas
665 2285 895 2354 successoribus
932 2285 999 2351 suis
1031 2289 1065 2351 et
1097 2285 1218 2353 condis

44 2397 167 2466 Christi
188 2397 332 2468 fidelibus
353 2401 387 2468 in
409 2407 605 2489 perpetuum.

136 2515 324 2584 Prelatiouis
346 2517 471 2584 sarcina
492 2523 525 2584 et
546 2515 641 2583 officii
663 2516 763 2582 nostri
784 2515 965 2582 institutum
986 2535 1043 2583 nos
1060 2517 1218 2584 constanti

42 2632 170 2701 ratione
196 2631 357 2719 hortatur,
385 2639 421 2700 ut
447 2654 511 2701 nou
533 2631 635 2700 solum
656 2637 847 2716 congregata
867 2652 994 2700 servare
1016 2637 1048 2700 et
1069 2634 1112 2700 ad
1132 2639 1217 2702 recte

41 2749 174 2818 vivendi
195 2749 395 2838 disciplinam
417 2749 574 2818 moderari
595 2747 775 2834 debeamus,
798 2753 847 2815 set
869 2749 965 2817 etiam
985 2749 1130 2836 dispersa
1142 2769 1216 2818 con·

41 2887 177 2952 gregare
199 2873 232 2936 et
253 2868 294 2934 ad
315 2868 459 2936 iusticiae
476 2887 619 2935 normam
634 2885 793 2950 revocare,
816 2871 848 2934 et
862 2886 910 2951 ea,
932 2887 1012 2952 quae
1026 2865 1078 2934 vel
1092 2867 1112 2934 a
1124 2867 1216 2934 uobis

40 2990 130 3052 recte
153 2990 305 3070 geruntur
317 2983 368 3052 vel
391 2985 431 3052 ab
453 2985 591 3072 antiquis
610 3005 708 3074 prave
723 2989 795 3051 acta
808 2983 1017 3069 corriguntur,
1038 2984 1217 3052 litterarum

39 3097 195 3168 beneficio
232 3103 383 3169 attentius
420 3103 590 3170 memoriae
625 3101 854 3170 commendare.
909 3099 1061 3179 Quocirca
1093 3102 1218 3170 noverit

42 3217 186 3284 omnium
208 3215 345 3284 liliomm
368 3225 494 3288 sanotae
517 3219 684 3288 aecclesiae
706 3217 872 3303 industria,
895 3217 979 3303 qued
996 3217 1092 3286 abbas
1106 3217 1216 3307 Poppc

41 3333 211 3418 sccundus,
237 3339 345 3403 noster
366 3337 474 3424 utique
496 3337 708 3424 predecessor,
730 3336 814 3403 inter
835 3333 936 3402 multa
956 3355 1020 3401 non
1043 3334 1147 3402 solum
1166 3336 1216 3402 in·

41 3449 137 3517 utilia
163 3455 211 3517 set
233 3451 328 3518 etiam
351 3453 437 3520 omni
458 3451 638 3539 posteritati
658 3457 786 3520 norbae
807 3451 935 3537 nociva,
963 3472 1044 3537 quae
1066 3453 1216 3520 adversus

41 3566 230 3635 aecclesiam
252 3568 313 3635 sibi
335 3568 534 3635 commissam
557 3573 589 3635 et
611 3568 761 3636 adversus
785 3569 923 3635 animam
944 3588 1035 3635 suam
1048 3587 1215 3657 perperam

40 3684 218 3769 commisit,
246 3690 320 3772 post
341 3685 527 3773 dissipatam
549 3685 719 3752 enormiter
741 3685 874 3752 multam
896 3685 1103 3753 substantiam
1125 3702 1215 3750 mon·

40 3801 163 3886 asterii,
187 3803 284 3868 etiam
305 3821 456 3889 personas
475 3800 642 3870 aecclesiae
656 3802 852 3888 pertinentes
865 3803 900 3868 in
915 3801 1117 3888 obprobrium
1132 3817 1214 3866 sem·

38 3918 203 4006 piternum
226 3919 442 4006 precipitavit:
467 3918 590 4006 quando
608 3917 732 3985 cuidam
748 3918 911 3985 Everardo
933 3916 972 3984 de
986 3916 1105 3983 Ricben
1127 3914 1215 3981 dedit

39 4033 77 4101 in
106 4031 308 4120 beneficium,
339 4036 435 4102 inuno
457 4040 494 4102 ut
516 4035 620 4102 verius
643 4034 765 4102 dicatur
787 4035 822 4100 iu
842 4031 1046 4116 maleficium,
1073 4030 1214 4097 vircmm

41 4170 80 4218 ac
103 4149 272 4217 mulierum
290 4151 459 4219 raciocinia
473 4156 505 4218 et
518 4151 698 4236 udbwtem,
721 4155 828 4238 preter
842 4169 971 4217 censum
985 4147 1097 4232 solum,
1120 4165 1213 4232 quem

42 4266 215 4336 aecclesiae
236 4267 414 4352 solvebant3
438 4269 493 4355 qui
513 4268 698 4337 habitabant
720 4265 901 4356 aproxima
917 4263 1108 4332 monasterio
1122 4261 1212 4346 silvo,

118 4423 138 4456 ι.
159 4407 194 4457 fl.
211 4409 262 4456 cod.

1274 427 1344 483 115⁸

1229 502 1387 562 samsom

1272 2183 1342 2240 1153

1227 2270 1247 2304 c.
1255 2258 1313 2316 ang.
1322 2258 1387 2319 Sept.
