3117 4859
339 216 407 285 412
672 232 821 283 nmium
841 231 1029 283 nereuonnn
1049 231 1103 281 usu
1120 214 1174 281 rot.

218 380 288 439 11⁶0
341 398 410 446 esee
437 376 528 444 nobis
553 376 744 463 iudicemus,
772 376 944 445 utilitstem
964 376 1099 445 lustrum
1119 382 1298 445 nostrorum
1318 382 1482 465 postem

182 456 320 581 Δὲῥῗῷ
340 498 372 562 et
398 492 546 563 ecclesius
572 498 696 561 nosnos
724 494 759 561 in
786 493 962 582 periculoso
989 493 1170 563 discrimine
1194 493 1385 581 relinquere,
1407 512 1484 581 qun

338 631 403 678 non
430 610 602 678 obediendo
631 611 757 681 domino
784 612 968 697 karissimo,
996 612 1093 697 irunt,
1123 630 1218 698 quum
1238 631 1303 679 non
1324 612 1485 696 meruimus,

337 728 550 813 incurramus,
581 732 613 796 et
634 734 682 797 tot
703 728 817 796 devote
838 728 981 814 servitis,
1008 748 1089 815 quse
1110 748 1185 816 sepe
1207 733 1240 796 et
1260 738 1361 817 pene·
1382 728 1486 797 residuo

338 846 372 913 in
394 844 552 931 regalibus
576 844 656 913 culis
679 845 888 931 exhibuimus,
910 849 977 911 tum
999 848 1129 932 repente
1151 845 1343 913 mittamus.
1388 845 1487 913 ibinus

338 963 461 1049 itaque,
489 962 621 1048 ibimus,
649 982 713 1029 non
735 962 817 1030 sicut
838 961 928 1031 decet
949 963 1068 1047 reglum
1089 962 1303 1048 maiestatem,
1333 968 1399 1047 set,
1424 964 1490 1031 sieut

330 1080 497 1165 'quondum
519 1079 558 1147 de
581 1079 672 1147 domo
695 1083 806 1147 nostru
827 1080 1055 1166 quodammodo
1074 1078 1197 1165 expulsi
1212 1084 1244 1147 et
1258 1078 1380 1166 exules,
1400 1079 1490 1169 porris

338 1197 516 1285 sumptibus
539 1201 571 1263 et
592 1197 701 1284 paneis
722 1198 862 1265 contenti
875 1197 1051 1265 comitibus.
1081 1194 1265 1282 Signifionre
1277 1198 1388 1284 itsque
1401 1198 1491 1282 digno

338 1318 391 1381 tur
411 1314 503 1382 uobis
525 1317 631 1381 vestro
653 1314 830 1399 benignitus
852 1313 946 1399 diem,
970 1334 1033 1400 quo
1054 1314 1096 1381 od
1117 1334 1173 1381 vos
1187 1314 1363 1399 veniemus,
1385 1314 1430 1381 itu
1446 1332 1491 1400 pu·

338 1432 410 1517 reti,
433 1436 470 1497 ut
491 1431 533 1498 od
555 1431 675 1498 onriem
697 1430 788 1498 nobis
811 1427 1004 1498 condictam¹
1025 1430 1187 1498 uobiscum
1208 1436 1416 1499 truncemus
1442 1428 1492 1496 lo·

338 1548 442 1616 lumus
466 1548 551 1615 enim
572 1547 606 1613 in
627 1546 687 1615 hoo
708 1547 822 1615 itinere
845 1552 877 1615 et
897 1548 933 1614 in
954 1549 1014 1615 hae
1034 1541 1208 1633 legotione,⁸
1223 1549 1305 1615 siout
1326 1552 1362 1615 et
1375 1567 1492 1635 semper,

338 1666 443 1734 devoti
458 1664 547 1732 vobis
569 1664 604 1731 in
626 1664 770 1733 omnibus
794 1664 938 1732 existere.
970 1664 1031 1733 Per
1044 1670 1224 1753 presentem
1238 1666 1347 1751 itaque
1362 1664 1493 1732 nundus

338 1782 465 1870 seriptis
480 1782 594 1849 uestris
613 1802 708 1869 super
721 1781 782 1849 hoo
795 1802 854 1850 nos
869 1779 1042 1850 eerdficare
1056 1782 1181 1850 curetis.
1212 1780 1380 1850 Credimus
1395 1788 1493 1865 nutem

337 1920 410 1967 eum
432 1899 577 1967 dominus
598 1904 706 1967 noster
727 1904 795 1966 tum
816 1899 972 1967 instanter
994 1904 1027 1967 et
1048 1903 1167 1967 attente
1186 1918 1244 1966 nos
1258 1899 1391 1968 mittere
1404 1899 1493 1966 decre

323 2016 433 2113 uerit,
462 2016 545 2103 quod
574 2015 681 2102 ulique
706 2036 824 2101 magno
850 2022 883 2084 et
909 2036 1006 2101 regno
1033 2015 1126 2083 utilia
1152 2036 1192 2085 ex
1217 2022 1328 2085 nostm
1354 2014 1494 2102 legatione

335 2132 503 2222 provenire
524 2132 667 2201 debeant.

309 2358 425 2439 ⁸285.
446 2368 604 2435 Aneolduo
630 2368 833 2434 csocellnrius
859 2366 1000 2433 Wibcldo
1030 2370 1170 2455 seponit,
1203 2367 1313 2457 quibus
1341 2368 1383 2433 do
1412 2365 1495 2431 mdo

446 2486 629 2574 legationem
650 2484 830 2552 Romanam
854 2485 957 2550 eosdm
978 2506 1042 2550 noo
1057 2486 1165 2572 possit
1209 2484 1323 2571 Requt,
1348 2494 1386 2549 ot
1405 2507 1437 2549 ee
1455 2482 1494 2545 dis

446 2601 490 2669 15
507 2600 648 2669 Octobris
670 2611 828 2689 exspem
1344 2597 1403 2682 (ll.
1418 2595 1493 2679 264)

246 2744 317 2802 1150
425 2714 696 2803 calomanus
724 2733 861 2801 somno
888 2733 1031 2801 soban.
1539 2741 1540 2792 ³

249 2820 313 2881 ΒΨ·
425 2851 628 2922 Voluntatem
655 2852 783 2939 quidem
809 2850 929 2918 domini
957 2850 1021 2917 mei
1046 2854 1114 2916 tam
1141 2869 1181 2917 ex
1202 2850 1325 2917 nunciis
1349 2869 1446 2938 quum
1463 2866 1494 2916 ex

336 2970 452 3039 litteris
476 2970 542 3038 eius
566 2968 682 3054 audivi,
705 2974 754 3037 set
774 2967 1050 3055 inpossibilitatem
1071 2987 1175 3035 meam
1192 2987 1249 3053 ego
1264 2966 1351 3034 solus
1367 2963 1494 3053 cognovi

336 3087 384 3153 Ne
410 3086 509 3172 igitur
534 3086 661 3171 longum
687 3084 722 3151 in
749 3084 915 3153 scribendo
940 3104 1064 3151 morum
1089 3084 1205 3151 sociem
1232 3090 1264 3151 et
1289 3104 1349 3171 per
1376 3080 1494 3169 ungui,

338 3222 418 3288 quoe
446 3203 672 3290 impedimento
700 3202 779 3269 mibi
806 3205 896 3287 sunt,
924 3202 1033 3287 vagari
1057 3200 1226 3289 incipiam,
1252 3200 1395 3270 breuiter
1414 3198 1495 3267 finon
1539 3257 1540 3260 ,

336 3318 384 3384 rei
405 3324 529 3386 vestroe
552 3319 711 3387 dilectioni
735 3319 852 3406 aperio.
890 3318 925 3385 Si
946 3319 1108 3387 vobiscum
1129 3318 1190 3385 hoc
1210 3322 1354 3406 tempore
1378 3317 1495 3386 Romen

335 3434 437 3499 iturus
461 3454 572 3521 essem,
596 3439 756 3523 oporteret
777 3456 829 3503 me
851 3436 996 3504 omnibus
1019 3454 1080 3522 que
1101 3435 1247 3524 possideo
1268 3435 1495 3503 renuntiares

337 3553 413 3615 tuno
440 3549 542 3617 solum
569 3556 602 3619 et
628 3553 748 3619 nudum
774 3550 941 3640 proticisci.
985 3551 1082 3619 Nulla
1109 3552 1195 3620 enim
1220 3551 1287 3620 dies
1309 3558 1376 3637 est,
1405 3547 1495 3639 quui

335 3664 485 3733 frutribus
508 3672 540 3734 et
562 3668 697 3736 claustro
721 3669 831 3737 abesse
852 3670 973 3757 possim
988 3669 1040 3737 uel
1062 3668 1205 3755 sudeam,
1228 3688 1300 3737 eum
1321 3688 1383 3737 nec
1404 3672 1494 3736 curtes

336 3800 445 3848 eorum
471 3782 522 3849 uel
550 3784 648 3852 villici
682 3806 840 3854 annonem
868 3786 919 3854 vel
947 3786 1076 3854 servitio
1103 3785 1210 3872 atique
1236 3786 1282 3853 eis
1307 3785 1492 3874 persolvunt

334 3918 444 3964 verum
466 3898 506 3966 de
528 3906 640 3986 questu
662 3922 732 3970 meo
754 3903 875 3970 vivunt
915 3902 1031 3970 Vinum
1052 3903 1190 3988 omnino,
1213 3902 1388 3990 sicutipse
1408 3898 1493 3981 scitis,

333 4014 368 4080 in
389 4019 457 4082 tots
478 4020 564 4085 terra
586 4017 715 4101 deiecit3
738 4020 801 4106 ipsi
824 4026 940 4106 autem,
962 4020 1090 4109 plegem
1109 4024 1142 4087 et
1155 4039 1285 4088 monum
1299 4018 1428 4087 Domini
1438 4034 1491 4083 nou

335 4132 539 4219 attendentes,
564 4154 583 4201 e
605 4154 656 4204 me
677 4134 756 4202 illud
774 4136 948 4223 requirunt
979 4136 1213 4206 commonitum
1226 4137 1335 4225 itaque
1349 4142 1382 4205 et
1394 4150 1491 4205 exors·

405 4287 426 4320 ι
447 4278 471 4321 ot
484 4288 543 4335 ponc
559 4279 584 4324 ot
597 4290 655 4338 pene
672 4294 691 4325 r.

405 4361 430 4417 1.
449 4360 685 4436 Retisbonensem,
702 4364 748 4423 die
765 4364 801 4422 29
819 4366 896 4438 Sept
