3117 4859
323 240 392 309 400
657 259 806 309 wmarmr
826 258 1013 311 urrerem
1031 260 1085 309 aaa
1101 260 1154 307 aru

214 405 285 461 noo
322 400 424 469 bitum
456 398 552 468 robur
586 400 726 489 optineat
753 407 787 470 et
812 398 1000 471 drstimm
1028 401 1163 491 populus
1189 402 1327 471 ioounda
1349 420 1422 489 paee
1444 406 1478 470 at

192 479 308 527 “Imm
322 521 414 603 grata
434 515 661 604 tranquillitate
682 516 806 587 letetur.
879 519 1052 605 Negotium
1067 540 1142 587 uero
1163 518 1376 589 llorbooansio
1395 538 1479 585 mon-

324 633 445 720 asterii,
474 633 641 702 undenos
670 636 822 704 attenoius
850 656 980 704 exorare
1001 635 1144 722 voluisti,
1173 643 1343 725 autequam
1366 636 1407 703 ad
1424 654 1480 701 nos

323 754 397 819 tuae
422 750 542 837 regales
564 750 688 821 litterae
709 752 944 841 pervenissent,
970 752 1143 822 venerabili
1162 754 1255 821 fratri
1274 760 1384 821 nostro
1404 749 1482 818 Lau-

324 868 473 936 saunensi
495 868 640 957 episeopo
649 864 667 955 ¹,
690 869 729 937 de
751 870 840 937 ouius
862 870 972 957 utique
991 870 1160 958 prudentia
1173 876 1206 939 et
1218 870 1384 955 honestate
1396 866 1485 935 valdo

324 982 523 1071 oonfidimue‚
549 987 777 1054 eommunioato
799 987 933 1053 fratrum
953 992 1134 1055 nouorum
1155 987 1296 1074 oonsilio,
1320 984 1486 1055 disoutien·

324 1100 400 1168 dum
422 1106 454 1169 et
475 1102 706 1171 terminandum
727 1104 992 1171 commiseramus.
1036 1103 1126 1173 Unde
1147 1105 1250 1172 visum
1272 1108 1322 1172 est
1343 1102 1434 1172 nobis
1455 1106 1489 1169 et

323 1216 473 1305 fratribus
486 1220 613 1306 nostris
636 1220 767 1307 equitati
780 1220 849 1288 fore
862 1221 1064 1308 cannarum,
1086 1222 1164 1289 siin
1178 1242 1272 1289 musa
1284 1222 1368 1309 ipsa,
1390 1218 1491 1287 altera

323 1340 414 1423 parte
440 1335 583 1423 absente,
611 1337 897 1426 inpresentiarum
917 1338 1021 1405 modis
1043 1337 1199 1425 aliquibus
1220 1336 1489 1426 prooederemm·.

326 1450 382 1518 Set
413 1452 454 1519 ad
487 1452 619 1522 eundem
648 1454 778 1523 bamam
805 1459 950 1523 uosb'um
976 1456 1139 1539 negotium
1166 1456 1272 1542 ipsum
1300 1452 1492 1532 direximns;

325 1568 391 1655 qui,
412 1573 562 1655 tanquam
575 1570 625 1637 vir
640 1571 792 1639 disoratm
815 1577 847 1640 et
861 1571 999 1661 prudens
1022 1577 1055 1640 et
1075 1572 1110 1639 in
1131 1571 1327 1657 regularibus
1349 1567 1492 1657 disuipli·

324 1684 374 1751 nis
396 1684 595 1773 perlongum
608 1689 758 1777 temperis
774 1689 916 1776 spacium
931 1688 1082 1774 eruditus,
1105 1690 1307 1758 enormitates
1321 1685 1494 1755 monacho·

324 1821 395 1868 rum
422 1802 562 1871 eiusdem
586 1803 647 1873 looi
668 1804 837 1873 salubriter
858 1805 1011 1891 oorrigetl
1034 1811 1066 1874 et
1087 1825 1201 1875 oausae
1220 1805 1284 1895 ipsi
1305 1804 1495 1872 omonioum

323 1914 419 1985 finem
432 1919 500 1987 Deo
516 1920 687 1990 auxiliante
700 1922 851 2010 imponet
907 1922 958 1989 De
971 1926 1095 1992 oaetero
1109 1928 1216 1991 aulem
1226 1921 1371 1991 Ottonem
1383 1919 1494 2003 illum,

325 2035 380 2121 qui
406 2037 581 2124 postposita
607 2037 668 2105 Dei
697 2039 876 2121 reverentia
906 2058 1019 2106 nasum
1045 2040 1209 2107 euiusdam
1234 2038 1340 2108 olerioi
1366 2036 1495 2103 nefario

326 2164 420 2220 ausu·
436 2158 598 2242 amputare
613 2154 742 2221 minime
755 2154 948 2241 formidarit,
958 2155 1251 2225 nisi-satisfootorus
1265 2156 1304 2223 de
1318 2160 1383 2221 tam
1397 2154 1494 2238 grani

326 2288 456 2337 exoessu
469 2270 640 2358 apostolioo
654 2271 836 2359 oonspeetui
845 2292 881 2339 se
893 2276 1097 2360 representat,
1113 2271 1296 2341 absolvendi
1309 2271 1348 2339 ab
1362 2290 1497 2338 exeom-

325 2387 535 2455 munioatione
557 2386 723 2455 eonsilium
736 2387 853 2457 habere
866 2408 1066 2476 nequaquam
1077 2390 1247 2477 potuimus.
1282 2388 1321 2455 ln
1332 2406 1433 2474 quern
1446 2386 1498 2453 ni-

325 2502 441 2571 mirum
455 2503 541 2588 rigor
555 2505 660 2589 regiae
674 2505 841 2592 potestatis
855 2505 944 2593 prius
959 2505 1069 2574 debuit
1084 2506 1199 2574 aditor
1214 2505 1376 2589 exarsisse,
1393 2522 1498 2589 quam

326 2618 368 2687 ad
389 2640 480 2688 aures
501 2621 601 2689 nostri
624 2620 817 2708 apostolatus
840 2621 968 2709 querela
989 2624 1071 2691 tanti
1092 2623 1241 2690 moinonis
1262 2621 1476 2710 pervenisset.

330 2866 418 2940 273.
441 2872 544 2939 Gurdo
571 2873 651 2939 diuo.
675 2873 758 2939 eard.
783 2872 817 2939 S.
837 2874 963 2940 Martae
986 2876 1022 2940 lo
1037 2876 1162 2961 partiens
1183 2874 1323 2942 Woatdo
1342 2876 1499 2957 refflbs’t,

437 2990 517 3055 boe
539 2989 716 3055 Goorodom
737 3000 767 3055 et
778 2990 950 3077 Reperiam
969 3012 1057 3077 repes
1078 3014 1159 3080 prae
1174 2988 1374 3055 Beraabardas
1394 2991 1501 3058 addus

441 3104 692 3171 leosoolleeaa'a
714 3115 744 3171 et
759 3104 980 3173 Theodewaoas
1001 3108 1162 3194 episeopus
1185 3106 1218 3172 S.
1232 3106 1368 3197 Rufinus
1388 3108 1500 3173 tond-

438 3220 547 3287 liursdo
567 3221 774 3309 werpierunt,
799 3245 838 3288 aa
856 3224 953 3289 brodo
967 3244 1060 3310 pope
1078 3224 1202 3309 arrepto
1220 3244 1292 3287 aare.
1335 3217 1389 3301 (ld.
1401 3220 1500 3304 259.)

199 3350 622 3483 εκ1115()24(Ξι(ιιὶιίο)1)οἱ
644 3354 747 3438 gratia
762 3358 890 3422 saumae
903 3352 1063 3422 Romanae
1079 3354 1248 3422 aaoolesiae
1260 3352 1409 3421 damnus
1427 3372 1501 3422 oar*-

237 3434 461 3535 lu”²⁴dinalis²
489 3468 602 3537 dileoto
629 3490 666 3537 ao
688 3470 860 3539 venerabili
880 3472 972 3539 tratri
993 3468 1163 3554 wtibaldo)
1186 3470 1364 3538 Stabulensi
1385 3468 1501 3539 abbati

330 3584 464 3653 sulutem
486 3590 519 3653 et
539 3586 747 3655 dileetionem.

419 3701 627 3791 (temperatol
653 3704 743 3772 uobis
766 3709 890 3772 vestrae
916 3702 1093 3772 dileetionis
1119 3704 1154 3771 in
1182 3702 1269 3771 brevi
1291 3702 1501 3773 eolloeutiono

330 3818 462 3905 uotioia,
490 3825 522 3888 et
549 3819 732 3907 probitatis·
756 3825 789 3887 et
814 3820 989 3888 industriae
1014 3824 1140 3888 vestrae
1164 3818 1273 3887 multis
1301 3822 1499 3904 argumentis

331 3936 422 4005 nobis
442 3936 576 4024 probata
598 3936 793 4024 experientia
812 3936 860 4003 ita
881 3938 1020 4003 animum
1040 3942 1184 4003 nostrum
1204 3940 1329 4003 vestrae
1347 3936 1499 4005 fraterni·

331 4054 391 4121 tati
412 4052 562 4121 reddidit‘
584 4051 740 4120 affabilem
765 4057 798 4119 et
818 4052 1003 4140 benignum,
1028 4058 1066 4121 ut
1086 4052 1148 4119 sim
1169 4072 1227 4137 ego
1247 4070 1340 4137 unus,
1362 4072 1498 4139 quooum

403 4226 424 4261 s.
443 4212 616 4275 procederemus
636 4232 656 4261 ι.
724 4212 747 4261 b.
768 4213 890 4273 oorrigerat
910 4232 929 4261 c.
1004 4226 1102 4262 eausa
1121 4214 1213 4262 addidi
1280 4212 1459 4274 deamparate
1478 4230 1498 4261 e.

333 4304 355 4339 ο.
374 4292 499 4353 probabitis
515 4310 536 4341 e.
612 4293 629 4341 i.
648 4292 733 4343 redidit
748 4312 768 4341 e.
877 4310 881 4318 ·

404 4378 431 4435 1.
448 4377 580 4437 Amadeo.
651 4381 678 4437 2.
696 4379 838 4437 bituriae
854 4380 885 4436 ln
902 4379 1020 4452 portiom
