3117 4859
6 4223 65 4639 l
277 4567 438 4591 ,-

656 267 789 334 204
1431 284 1731 332 wmALm
1772 284 2103 333 nprs'rom
2144 285 2250 332 ηε.

483 432 622 487 1148
656 434 960 495 vacarent
1011 431 1075 493 et
1119 427 1240 493 huc
1284 426 1557 514 illucque
1602 427 1960 512 vagabundi
2004 426 2511 513 discursitarent,
2572 449 2649 497 ex
2695 431 2976 498 sententia

500 507 597 553 Oct.

656 546 944 633 priorum
998 564 1128 611 non
1183 566 1320 611 esse
1378 545 1612 612 bonum
1661 545 2108 628 iudicavimus,
2167 566 2415 612 sumere
2458 566 2689 633 panem
2731 544 2976 613 filiorum

658 667 724 729 et
766 663 1022 729 mittere
1051 662 1309 729 canibus
1328 658 1375 744 ¹3
1425 666 1613 747 atque
1652 662 1748 728 ita
1775 662 2236 747 inpoenitentes
2265 662 2460 728 immo
2493 669 2713 750 aperte
2741 664 2979 732 rebelles

657 780 736 847 de
767 780 1250 864 congregatione
1280 783 1345 845 et
1374 778 1649 845 claustro
1679 799 1807 844 non
1836 778 1973 844 sine
2003 754 2218 845 dolore
2256 785 2320 846 et
2346 778 2626 847 lacrimis
2656 781 2979 848 emisimus.

837 897 1131 964 Ceterum
1175 902 1248 962 ut
1285 895 1534 961 noverit
1561 899 1776 961 vestra
1814 896 2129 979 discreti0,
2176 896 2354 961 cuius
2384 897 2703 982 opinionis
2751 898 2984 965 cuiusve

657 1014 1014 1082 sanctitatis
1060 1019 1271 1079 essent
1311 1011 1379 1078 hi
1423 1032 1647 1095 graves
1707 1016 1772 1079 et
1823 1013 2024 1079 severi
2068 1011 2385 1097 homines,
2446 1014 2554 1098 qui
2609 1021 2985 1082 mortuorum

656 1133 904 1199 meritis
949 1130 1268 1217 inquinari
1315 1149 1382 1195 se
1423 1129 1921 1196 arbitrabantur:
1967 1129 2212 1215 primus
2259 1149 2475 1198 eorum
2517 1131 2779 1196 nomine
2807 1130 2986 1198 Ever-

657 1249 926 1331 nandus,
973 1267 1013 1313 a
1056 1247 1380 1312 iuventute
1425 1265 1540 1311 sua
1584 1245 1822 1312 discors
1869 1251 1933 1311 et
1973 1245 2196 1311 evirati
2236 1251 2448 1330 gestus
2480 1252 2668 1333 atque
2699 1248 2986 1332 incessus,

656 1370 941 1452 tempore
1009 1362 1291 1429 Heinrici
1354 1362 1621 1429 iunioris
1634 1413 1652 1447 ,
1723 1364 1833 1449 qui
1897 1368 2050 1430 tunc
2106 1361 2481 1430 Corbeiense
2546 1366 2987 1432 monasterium

656 1481 942 1564 tenebat,
1004 1477 1165 1546 libro
1209 1499 1334 1544 uno
1379 1478 1601 1544 furtim
1646 1478 1889 1545 sublato
1947 1478 2344 1564 sacrilegium
2399 1482 2828 1567 perpetravit3
2885 1501 2988 1567 pro

659 1618 780 1685 quo
836 1616 1038 1683 penae
1096 1594 1381 1662 addictus
1451 1594 1570 1662 sub
1626 1615 1819 1661 manu
1874 1596 2169 1683 prefecti,
2235 1596 2408 1663 nullo
2474 1618 2592 1684 pro
2660 1617 2740 1664 eo
2809 1598 2989 1664 inter·

657 1714 915 1781 cedente
983 1716 1080 1779 set
1134 1715 1348 1778 tamen
1404 1710 1724 1798 plerisque
1783 1718 2043 1799 propter
2100 1712 2338 1779 ordinis
2391 1714 2725 1780 infamiam
2784 1714 2989 1782 erube-

657 1829 993 1913 scentibus,
1038 1827 1254 1913 fugere
1298 1828 1645 1915 permissus
1693 1833 1817 1911 est3
1866 1850 2053 1915 quem
2081 1850 2218 1913 nos,
2265 1850 2512 1897 omnem
2544 1832 2989 1898 correctionem

657 1968 800 2015 cum
858 1946 1032 2012 omni
1083 1945 1389 2012 instantia
1432 1946 1909 2031 promittentem
1923 1997 1941 2031 ,
1999 1967 2115 2033 pro
2162 1967 2501 2034 supprema
2542 1948 2989 2031 misericordia,

655 2085 736 2132 ne
792 2063 1060 2150 periret,
1119 2064 1187 2128 in
1239 2061 1512 2128 claustro
1558 2063 1929 2149 recepimus.
2003 2062 2324 2130 Secundus
2371 2086 2450 2131 ex
2494 2065 2699 2132 tribus
2747 2066 2989 2131 nomine

655 2179 1034 2247 Adelbertus
1081 2200 1158 2244 en
1206 2177 1405 2245 altera
1449 2178 1585 2245 vice
1628 2178 1863 2247 levavit
1907 2180 2267 2247 calcaneum
2312 2202 2496 2248 suum
2544 2181 2853 2249 adversus
2892 2182 2989 2248 de-

657 2303 829 2364 creta
885 2302 950 2363 et
1007 2316 1163 2382 opus
1221 2301 1657 2362 sacrosanctae
1708 2298 1930 2363 matris
1974 2303 2229 2364 nostrae
2272 2297 2587 2365 Romanae
2635 2299 2986 2383 aecclesiae,

657 2412 1013 2481 adherendo
1059 2411 1151 2478 illi
1197 2411 1516 2496 Heinric0,
1575 2434 1765 2499 quem
1808 2414 2072 2481 domnus
2120 2414 2389 2481 Thomas
2436 2415 2802 2500 cardinalis,
2850 2435 2987 2503 apo-

656 2529 914 2598 stolicae
958 2530 1126 2597 sedis
1170 2534 1324 2596 tunc
1367 2530 1633 2614 legatus,
1681 2530 1758 2596 de
1802 2532 2091 2617 symonia
2134 2532 2490 2599 convictum
2533 2537 2597 2599 et
2640 2534 2986 2600 confessum

655 2648 1034 2734 deposuerat
1090 2651 1152 2714 et
1197 2648 1545 2714 sententiae
1589 2668 1719 2712 non
1761 2653 2090 2734 parentem
2145 2648 2297 2734 quin
2350 2648 2545 2716 immo
2586 2648 2891 2717 rebellem
2932 2653 2988 2715 et

654 2785 865 2831 rerum
925 2763 1531 2832 aecclesiasticarum
1589 2784 1994 2851 pervasorem
2040 2765 2269 2831 iudicio
2317 2766 2520 2833 sancti
2563 2764 2845 2852 Spiritus
2889 2786 2985 2832 ex·

654 2882 1256 2963 communicaverat;
1303 2902 1420 2968 pro
1457 2901 1582 2967 qua
1608 2901 1679 2948 re
1710 2881 1879 2948 idem
1904 2881 2282 2949 Adelbertus
2313 2882 2716 2968 postmodum
2748 2882 2985 2971 publice

653 2998 983 3083 poenitens
1043 3003 1106 3063 et
1163 2997 1240 3064 ab
1300 2999 1972 3082 excommunicatione,
2033 3018 2161 3084 qua
2201 2998 2548 3065 maculatus
2593 3004 2734 3066 erat
2747 3050 2767 3085 ,
2817 3000 2984 3067 abso-

652 3114 821 3181 lutus
879 3135 918 3179 a
961 3114 1403 3200 predecessore
1447 3120 1697 3200 nostro,
1756 3135 1942 3201 quem
1988 3116 2125 3201 ipse
2170 3135 2337 3181 nunc
2382 3116 2730 3202 exsepelire
2777 3115 2982 3183 molie-

653 3231 860 3315 batur,
905 3231 1016 3296 vix
1062 3235 1207 3317 post
1248 3230 1504 3314 longa-m
1546 3230 1925 3298 humilitatis
1973 3231 2245 3318 speciem
2287 3231 2356 3297 in
2396 3233 2838 3301 communione
2867 3234 2981 3299 fra·

655 3353 824 3415 trum
870 3352 933 3414 et
978 3348 1462 3432 congregatione
1506 3355 1603 3415 est
1634 3353 1943 3435 receptus.
2016 3347 2272 3414 Tercius
2303 3369 2520 3415 eorum
2552 3347 2980 3430 Godescalcus,

655 3485 694 3530 a
746 3464 879 3530 suis
939 3464 1291 3530 coaetaneis
1349 3465 1707 3531 cellerarius
1751 3464 2120 3531 monasterii
2164 3470 2382 3531 contra
2426 3465 2743 3533 seniorum
2790 3466 2979 3533 consi·

652 3580 806 3646 lium
820 3630 839 3663 ,
900 3585 1236 3666 antequam
1283 3582 1564 3665 regimen
1609 3582 1807 3668 ipsius
1852 3580 2221 3647 monasterii
2267 3581 2791 3669 suscepissemus,
2838 3583 2978 3650 satis

657 3696 1170 3764 irrationabiliter
1214 3698 1561 3781 institutus,
1608 3698 1999 3785 consumpsit
2041 3698 2456 3765 substantiam
2499 3701 2870 3767 monasterii
2895 3700 2976 3765 vi-

655 3812 854 3880 vendo
870 3824 922 3895 ¹3
970 3813 1047 3879 de
1090 3814 1267 3880 cuius
1298 3814 1432 3880 vita
1465 3820 1528 3879 et
1555 3815 1835 3881 moribus
1866 3819 2073 3881 tacere
2104 3835 2292 3900 quam
2319 3814 2492 3902 loqui
2519 3816 2844 3883 honestius
2872 3821 2973 3883 est.

831 3930 964 3996 Hos
1009 3934 1170 4013 tres,
1218 3930 1274 3996 si
1319 3930 1399 3996 ad
1443 3951 1554 3997 vos
1601 3932 1762 3998 forte
1806 3931 2122 4017 venerint,
2178 3931 2469 4015 indignos
2513 3938 2728 4000 vestra
2771 3935 2975 4000 huma·

659 4051 852 4116 nitate
895 4046 1274 4131 iudicabitis,
1321 4067 1438 4113 nec
1481 4052 1730 4115 vestrae
1774 4067 1918 4114 cum
1950 4047 2429 4116 Corbeieusibus
2459 4050 2814 4118 sodalitatis
2842 4070 2972 4117 con-

655 4166 896 4232 stitutio
909 4160 931 4194 ²
974 4165 1044 4232 in
1088 4169 1336 4231 tantum
1367 4165 1760 4250 extendetur,
1806 4170 1878 4232 ut
1906 4164 2062 4231 tales
2092 4165 2323 4250 fovere,
2369 4166 2471 4233 vel
2498 4167 2679 4234 nobis
2708 4188 2785 4235 ac
2812 4186 2970 4235 mon·

655 4283 882 4351 asterio
931 4281 1247 4369 quondam
1291 4303 1404 4348 suo
1450 4282 1874 4366 reconciliare,
1920 4281 2048 4348 ullo
2093 4282 2278 4349 modo
2323 4284 2751 4352 consentiatis.

793 4414 843 4532 ἶ.
874 4416 1076 4532 {Biia
1100 4476 1186 4545 15,
1212 4475 1300 4531 26.
1444 4477 1497 4532 2.
1535 4474 1618 4533 cf.
1658 4491 1746 4546 ep.
1772 4476 1842 4530 50
1878 4491 2045 4544 supra
2079 4476 2430 4545 p.128.129.
