3117 4859
321 265 365 333 60
630 278 933 330 euaouoonsruus
956 279 1174 330 oonsumssm

235 431 304 487 114⁷
321 426 425 514 ipsum
446 424 579 492 fratrum
599 428 781 490 nostrorum
803 423 845 489 ad
865 423 1016 490 deeanam
1039 428 1070 490 et
1093 423 1133 489 ad
1149 423 1386 510 prepositissam
1399 421 1485 509 lega·

321 543 422 626 tione,
452 561 512 627 quo
534 540 684 608 deberent
705 541 788 607 suis·
810 540 969 607 sororibus
992 541 1195 626 concordare,
1223 539 1306 626 quod
1327 547 1433 607 tamen
1456 547 1487 608 et

321 659 363 726 ad
389 679 519 746 presens
546 656 732 742 flagitabant
760 655 885 724 differre
915 677 948 724 se
976 658 1012 723 in
1039 657 1142 742 gratia
1164 657 1303 725 omniurn
1324 656 1420 724 lioere
1442 693 1485 704 -

321 775 387 841 litis
407 774 528 842 eunetis
549 773 635 840 illius
657 772 807 841 ecelesiae
830 773 888 840 sub
909 773 1164 842 interminatione
1186 773 1297 841 salutis
1319 795 1395 841 suae
1415 794 1487 862 pre-

321 891 414 979 oepit,
434 892 469 957 in
483 890 570 958 nullo
584 910 714 979 prorsus
728 889 942 977 prepositumb
957 890 1115 958 obaudire
1150 889 1240 970 Quod
1253 896 1289 958 ut
1304 891 1488 976 quantouius

320 1008 461 1074 nosoioni
482 1027 572 1074 meae
593 1006 715 1091 olaruit,
736 1007 889 1074 instinctu
911 1026 982 1074 meo
1005 1008 1232 1074 oommuuioato
1247 1026 1318 1075 oum
1333 1007 1400 1074 suis
1415 1028 1487 1096 pre-

301 1121 441 1212 ‘positus
463 1123 592 1190 oonsilio
615 1160 657 1170 -
682 1124 829 1210 quoniam
850 1142 959 1190 reeens
982 1121 1134 1211 seriptum
1159 1122 1331 1192 detuleram
1351 1125 1489 1191 fratrum

320 1277 363 1289 —
387 1260 427 1308 ex
454 1260 589 1328 persona
614 1241 756 1327 ipsorum
778 1239 988 1308 Theodericus
1012 1239 1126 1307 blande
1148 1241 1378 1325 conveniretur,
1411 1261 1489 1328 qua·

319 1363 410 1426 tenus
437 1358 558 1424 eteius
580 1357 677 1423 iussio
699 1357 734 1422 in
757 1357 927 1424 adveutum
950 1356 1072 1423 abbatis
1094 1375 1193 1443 usque
1214 1357 1427 1444 relaxaretur,
1455 1359 1489 1426 in

318 1475 392 1542 talis
418 1474 507 1542 uerbi
535 1472 765 1561 oompaetione‚
794 1477 831 1540 ut
857 1473 936 1560 ipsis
959 1473 1092 1540 domnus
1115 1473 1211 1542 abbas
1233 1479 1434 1561 moneretur,
1462 1477 1490 1542 si

320 1591 395 1678 quid
416 1591 602 1658 eorreetioui
624 1589 814 1674 condignum
836 1589 869 1655 in
891 1589 1050 1676 utrisque⁶
1067 1590 1158 1674 foret,
1181 1590 1304 1678 plaeide
1319 1611 1489 1680 oompone-

318 1713 420 1790 retur;
448 1708 484 1773 in
509 1707 558 1774 his
588 1727 663 1792 ergo
690 1707 886 1792 eouquieuit,
915 1727 1076 1793 quousque
1100 1712 1136 1774 ut
1158 1707 1276 1775 dietum
1300 1712 1348 1776 est
1369 1729 1427 1777 eos
1451 1709 1489 1777 de

318 1823 386 1891 looo
408 1824 570 1891 mandauit
590 1822 746 1910 superflue
767 1823 931 1891 sandrat.

408 1940 464 2008 Set
490 1947 523 2008 et
543 1941 603 2008 hoe
624 1946 767 2027 tempore
790 1941 950 2008 abbatissa
972 1977 1014 1988 -
1037 1940 1102 2007 iam
1125 1939 1256 2028 depulsa
1276 1945 1313 2008 ut
1333 1942 1420 2010 inira
1442 1944 1489 2011 di·

319 2063 404 2125 otum
432 2062 481 2126 est
505 2057 755 2142 miserabillime,
786 2057 920 2144 qualiter
948 2063 1036 2125 tante
1064 2054 1134 2144 quis
1155 2057 1329 2125 nobilitatis
1351 2080 1418 2127 non
1442 2066 1490 2129 est

319 2175 477 2243 auditum·
505 2176 551 2241 sio
580 2175 648 2242 sine
675 2171 760 2242 noxa
787 2174 826 2242 de
854 2175 983 2262 proprio
1010 2173 1079 2240 loeo
1108 2174 1194 2242 exire
1217 2211 1259 2222 —
1283 2195 1355 2242 eum
1380 2179 1490 2247 euriae

318 2291 561 2359 Frankenvorde
589 2292 685 2358 etiam
707 2291 827 2358 frustra
848 2295 993 2358 oouserta
1013 2290 1140 2376 luisset,
1170 2291 1277 2378 sieque
1298 2291 1355 2360 luas
1378 2300 1489 2380 partes

228 2443 231 2453 ·
319 2408 480 2496 proriueia
500 2407 612 2475 reuisit
633 2413 675 2493 et,
697 2413 734 2474 ut
754 2407 849 2492 rulgo
870 2413 993 2475 rotatur
1015 2407 1144 2474 oonsilio
1168 2412 1200 2475 et
1227 2408 1381 2476 adiutorio
1405 2412 1489 2478 eius·

319 2527 391 2593 dem
403 2524 595 2609 Theoderici,
610 2542 822 2610 quosoumque
836 2529 961 2611 poterat
974 2524 1091 2592 milites
1106 2523 1231 2610 collegit
1246 2530 1278 2592 et
1291 2525 1489 2596 Kimeneden

319 2641 360 2708 ad
384 2640 642 2728 repossideudam
663 2641 710 2708 ire
732 2641 879 2708 deoreuit
920 2640 1009 2720 Quod
1032 2646 1067 2708 ut
1088 2641 1205 2708 uostris
1226 2642 1488 2714 ministerialibus

318 2762 484 2846 expertum
504 2758 575 2843 fuir,
599 2758 712 2825 armati
734 2758 895 2845 preposito
917 2756 1120 2844 advenerunt
1145 2764 1177 2826 et
1190 2759 1259 2846 ipse
1273 2760 1394 2846 pariter
1410 2783 1488 2850 quos

317 2879 443 2964 poterat
470 2875 510 2942 ad
536 2875 746 2942 resistendum
767 2872 819 2940 uel
846 2875 955 2961 pooius
982 2875 1023 2942 ad
1044 2875 1282 2963 despoliandum
1303 2875 1393 2944 illam
1416 2899 1488 2946 oum

318 2992 384 3060 suis
406 2991 603 3058 eoadunarit.
636 2990 681 3058 Et
700 2996 738 3057 ut
758 2990 816 3058 beo
829 2988 899 3058 fieri
914 2997 1053 3078 possent,
1076 2993 1192 3060 noenia
1207 2992 1294 3061 nulls
1308 2993 1488 3063 diffidentia

317 3109 394 3193 fuit,
423 3108 499 3194 quia
525 3112 558 3174 et
583 3105 655 3173 illos
684 3107 860 3193 quantitate
889 3126 926 3174 ae
946 3109 1131 3177 fortitudine
1152 3115 1242 3177 tanta
1263 3110 1486 3199 precedebant,

317 3229 439 3292 utnon
462 3223 547 3291 aliud
570 3223 694 3291 euenire
717 3224 937 3311 opinarentur3
960 3224 1076 3293 ideireo
1099 3231 1132 3293 et
1146 3233 1275 3294 oouatus
1290 3228 1487 3298 aduersario

317 3361 388 3408 rum
409 3361 483 3408 eum
504 3341 745 3425 eongregatione
766 3361 825 3408 sua
847 3341 1034 3428 dispersioni
1056 3343 1169 3429 patuit

405 3457 593 3526 Prolatriees
620 3457 716 3524 etiam
738 3453 837 3525 duae¹
858 3458 924 3525 iam
945 3457 1119 3545 prelibatae
1142 3460 1181 3527 ob
1204 3459 1305 3528 vietus
1328 3460 1486 3529 detectum

317 3574 511 3642 bannierant
533 3575 573 3642 ad
596 3575 728 3643 eleetam
749 3570 855 3642 suam'
877 3575 912 3641 in
926 3573 1097 3643 Larensse‘
1114 3575 1287 3664 castellum,
1309 3577 1418 3664 ibique
1434 3581 1487 3647 de-

318 3696 437 3778 gentes,
461 3712 521 3778 que
541 3691 577 3759 in
597 3691 666 3759 looo
688 3712 746 3759 suo
768 3692 942 3777 agebantur
964 3691 1156 3779 aliquamdiu
1178 3713 1242 3760 non
1257 3700 1428 3779 noverunt3
1452 3701 1487 3764 ut

318 3815 425 3878 autem
452 3809 596 3894 indagini
626 3829 683 3877 sue
708 3808 863 3896 obrepsit,
897 3810 1081 3894 quautooius
1107 3809 1296 3879 lliminaden
1321 3819 1485 3899 venerunt,

316 3927 568 4015 importuniores⁸
595 3946 690 4012 quam
719 3926 908 4011 condignum
941 3927 1045 3994 fuerat
1073 3928 1189 3994 nostris
1219 3949 1253 3995 se
1275 3928 1485 4015 ingesserunt,

389 4083 410 4118 ι
431 4070 513 4118 firmes
534 4072 698 4131 ap.1’ertaium
715 4086 759 4130 pro
778 4069 834 4116 suis.
895 4068 919 4117 b.
939 4073 1038 4132 sequitur
1058 4071 1128 4118 litura
1148 4073 1239 4133 exigua.
1301 4084 1321 4118 e.
1341 4071 1432 4132 inunq3
1455 4089 1485 4130 eq

318 4153 400 4200 artes
416 4151 677 4208 “immolauerunt
709 4151 811 4196 Pardus
826 4153 918 4210 sabeis
932 4151 1044 4211 iniuaque.
1091 4149 1113 4198 d.
1129 4151 1234 4198 trunsllre
1248 4169 1268 4200 o.
1289 4153 1485 4212 Cfiruprauaeba

317 4233 388 4279 tau.-
407 4245 449 4292 per
467 4231 562 4279 nuncios
583 4243 637 4278 suos
652 4228 682 4276 de
696 4229 751 4276 iude
765 4230 925 4288 uuusmigrure
940 4231 1050 4292 prooepit
1106 4231 1188 4280 aid
1206 4231 1342 4282 auditurus.
1398 4233 1415 4282 f.
1431 4231 1483 4285 Lar·

517 4315 524 4328 ·
559 4346 565 4358 .
627 4323 648 4369 g.
662 4310 821 4369 inportunior&
836 4329 856 4358 a.

321 4405 330 4424 ‘
388 4408 413 4462 1.
432 4405 544 4464 Derane
559 4412 590 4464 et
605 4403 811 4477 praepositissa
881 4407 908 4463 2.
927 4405 1127 4484 Helmburglut.
