3117 4859
344 254 410 321 272
672 272 823 321 urceum
843 272 1030 322 semrom
1050 272 1187 321 rsa-res.

256 419 325 476 1149
343 414 451 481 venire
472 414 576 501 parati
594 434 712 483 sumus.
796 414 944 483 Vestram
965 436 1039 484 vero
1061 416 1280 483 dimotionem
1293 414 1491 499 intimarem

343 550 425 615 mus,
448 535 493 614 nt,
516 530 599 599 sicut
620 530 753 599 domnus
775 552 861 620 papa
881 538 987 599 vestro
1008 532 1221 621 predecessori
1242 527 1395 619 scripsit¹,
1413 530 1494 597 nob‘u

344 647 384 713 de
397 645 615 733 parrochianis
638 653 671 715 et
686 648 945 717 ministerialibus
968 650 1091 733 vestris,
1114 649 1265 735 quibona
1277 646 1497 715 Kammatsnds

345 763 514 831 aecclesiae
540 764 740 849 invaserunt,
768 765 927 832 iusticiam
953 765 1092 849 iaculis,
1121 765 1233 852 quibus
1260 765 1356 832 nichil
1380 782 1498 851 morsus

345 880 488 947 dedimus
515 878 566 947 vel
591 882 802 948 concessimus
828 882 878 949 vel
906 883 1014 949 datum
1040 882 1298 967 recognoscimus.
1345 881 1500 948 &mmm-

345 996 456 1063 damus
479 1002 603 1067 vestrae
625 998 738 1086 pietati
759 996 893 1065 latorem
914 998 1117 1086 presentium.

350 1236 435 1311 164.
455 1242 613 1309 wibaldus
625 1238 806 1307 Heirrrr'eom
820 1243 960 1308 abbatem
972 1240 1153 1307 Foldesssem
1170 1252 1199 1306 et
1212 1238 1458 1328 Herffeldemem
1470 1260 1502 1302 oo

457 1358 625 1424 Fcldersser
635 1356 785 1440 hortator,
797 1370 832 1423 nt
845 1358 988 1446 sepultos
997 1358 1163 1423 monachos
1171 1368 1335 1422 retromeat.
1358 1352 1414 1436 (U
1425 1353 1502 1432 144.)

6 1522 8 1617 p
179 1462 182 1469 ¹
259 1499 326 1554 1149
434 1488 697 1558 Reverentissimo
720 1490 806 1577 patri
828 1495 861 1556 et
876 1490 975 1557 amico
990 1510 1048 1558 sno
1063 1488 1235 1573 ll(einrico)
1251 1484 1504 1556 venerabilia

6 1630 8 1711 p
345 1606 436 1673 densi
450 1612 483 1674 et
495 1604 716 1673 Hersreldensi
733 1606 840 1673 abbati
855 1611 887 1673 et
901 1606 1045 1673 omnibus
1060 1605 1224 1673 Fuldensis
1244 1604 1415 1673 aecclesiae
1427 1601 1504 1685 filiis,

346 1728 411 1789 taur
433 1723 595 1790 monachis
619 1742 713 1811 quam
734 1721 834 1807 laicis,
857 1723 956 1790 frater
971 1721 1158 1805 W(ibaldus)
1173 1722 1234 1789 Dei
1251 1722 1355 1807 gratia
1368 1721 1414 1806 id,
1432 1718 1505 1806 quod

346 1844 395 1906 est
416 1840 450 1906 in
468 1838 619 1907 aecclesie
633 1838 797 1923 catholiea,
813 1839 942 1923 exiguas
958 1840 1114 1906 orationes
1129 1844 1161 1906 et
1175 1840 1323 1906 devotum
1337 1837 1504 1905 servitium

434 1954 509 2023 Filii
536 1961 568 2024 et
596 1956 709 2023 fretra
731 1956 831 2022 vestri
855 1954 1042 2043 Lampertus
1069 1961 1102 2023 et
1123 1955 1215 2021 Dndo
1242 1954 1358 2022 etalii
1386 1952 1506 2040 quidam

344 2078 486 2140 nostram
508 2072 698 2159 parvitatem
712 2071 763 2139 vel
785 2093 843 2159 per
864 2092 899 2138 se
914 2071 964 2138 vel
985 2093 1042 2159 per
1064 2072 1190 2139 nuntios
1212 2092 1285 2138 snos
1306 2088 1506 2159 sepenumero

346 2188 501 2272 adierunt,
525 2194 649 2255 orantes
672 2188 832 2272 attentius,
855 2193 891 2253 nt
913 2189 954 2255 ad
974 2207 1085 2275 pacem
1107 2194 1140 2255 et
1160 2187 1448 2255 reconciliationem
1461 2204 1506 2251 re

345 2312 445 2371 stram
467 2310 499 2371 et
521 2304 561 2371 sd
582 2324 761 2389 regressum
783 2304 966 2371 monasterii
989 2305 1048 2389 sui,
1071 2304 1110 2371 de
1133 2324 1194 2390 quo
1216 2326 1250 2371 se
1271 2304 1391 2371 iniuste
1408 2302 1507 2391 pulsos
1554 2337 1555 2340 ¹

345 2426 588 2508 conqueruntur,
610 2420 695 2489 mam
717 2440 775 2507 per
797 2425 923 2487 nostrae
945 2420 1110 2507 peticionis
1132 2421 1390 2488 intercessionem
1413 2418 1507 2507 aperi·

345 2558 460 2607 remus.
488 2537 578 2618 Quod
588 2558 645 2604 nos
662 2536 810 2603 karitatis
824 2536 951 2621 intuitu,
962 2536 1037 2603 licet
1051 2537 1152 2621 inriti,
1163 2538 1290 2605 tandem
1306 2542 1505 2617 assumentes,
1553 2537 1554 2540 ’

345 2656 486 2722 omnium
513 2660 545 2723 et
568 2652 762 2739 singulorum
784 2653 917 2739 pedibus
941 2654 1045 2720 animo
1069 2652 1222 2738 advoluti,
1251 2652 1440 2741 suppliciter
1459 2652 1506 2719 de

344 2791 525 2859 precamur,
553 2775 589 2837 nt
610 2770 824 2837 misereamini
846 2770 980 2836 fratrum
1002 2775 1177 2837 vestrorum
1200 2775 1246 2854 et,
1270 2771 1346 2856 qnia
1367 2770 1507 2858 propriae

345 2888 476 2954 actionis
504 2888 585 2955 vicio
620 2886 659 2953 de
686 2885 837 2953 aecclesia
865 2906 923 2953 nec
953 2888 1070 2971 egressi
1098 2908 1156 2954 nee
1182 2887 1315 2973 proiecti
1342 2892 1433 2971 sunt,
1465 2890 1507 2953 set

345 3003 499 3088 quaedam
514 3002 689 3069 communis
704 3002 871 3087 discordia,
889 3023 983 3088 quam
998 3024 1067 3070 esse
1080 3002 1213 3070 firmiter
1227 3004 1364 3090 sopitam
1379 3006 1505 3091 oportet

346 3118 384 3184 de
399 3123 504 3184 vestro
528 3138 580 3185 eos
603 3118 732 3203 collegio
755 3119 963 3207 proturbavit,
984 3120 1071 3205 ipsos
1094 3140 1166 3187 cnm
1188 3120 1271 3187 bons
1285 3120 1426 3187 veniain
1441 3138 1506 3185 oon·

346 3233 528 3317 gregatione
554 3233 713 3321 recipiatis
748 3244 782 3304 et
809 3237 890 3302 sicut
916 3234 997 3301 rllios
1032 3242 1064 3302 et
1089 3237 1202 3303 fratres
1231 3244 1352 3333 vestros
1378 3237 1505 3319 benign
1553 3297 1554 3300 ,

347 3348 482 3414 karitate
503 3348 644 3417 foveatis.
684 3350 833 3419 Omnium
854 3354 988 3418 fratrum
1010 3356 1189 3418 nostrorum
1210 3354 1296 3420 eirca
1315 3373 1374 3420 nos
1395 3352 1505 3440 posito

346 3482 418 3528 rum
440 3465 599 3531 sentencia
622 3471 654 3533 et
675 3468 790 3553 peticio
813 3469 922 3535 eadem
946 3472 1009 3552 est,
1037 3468 1231 3553 timentium,
1258 3469 1402 3536 neforto
1423 3486 1505 3534 scau·

347 3576 454 3645 dalum
481 3580 606 3666 aliquod
634 3583 761 3666 gratim
787 3585 861 3651 inde
884 3584 987 3651 valeat
1009 3584 1142 3668 oboriri,
1171 3586 1285 3651 sinon
1305 3582 1504 3653 fuerimusin

346 3693 405 3761 hoo
428 3696 448 3763 t
468 3696 558 3764 vobis
581 3699 729 3767 exauditi

351 3924 437 3995 165.
460 3928 510 3994 De
534 3929 719 3997 Theoderico
743 3937 850 3999 comite
873 3932 1052 4000 Honor-arod
1072 3958 1141 4001 mom
1162 3936 1303 4003 Wrbnldo
1324 3938 1358 4001 ἐπ
1377 3935 1504 4023 pretium

457 4068 587 4111 reverso.
1353 4048 1407 4133 (M.
1425 4044 1502 4126 lto)

257 4191 326 4246 1149
436 4176 529 4243 Auno
551 4176 680 4245 Domini
704 4182 805 4267 1149,
831 4180 1016 4268 prelationis
1044 4188 1148 4250 antem
1177 4185 1283 4252 domni
1304 4182 1433 4253 lffiboldi
1453 4179 1501 4246 atr

241 4262 331 4312 'M
348 4290 430 4359 oon
458 4293 493 4360 n
515 4292 695 4363 corbeiensi
723 4297 874 4365 malnis
899 4299 1010 4385 erno,
1041 4300 1250 4368 successus
1276 4320 1379 4369 sones
1399 4288 1500 4367 oruc

421 4425 445 4478 1.
463 4422 497 4479 V.
516 4426 830 4499 transmeantes.
919 4434 945 4487 2
963 4431 1145 4489 Eumeneia.

191 4551 267 4579 A
