3117 4859
431 283 581 334 vramm
601 283 767 334 marom
788 282 843 332 sos
1159 269 1227 336 545

31 427 156 494 nostri
178 425 367 514 Folcquinus
390 432 422 494 et
435 426 641 496 Wrdekindus
663 447 721 494 nos
745 433 777 496 et
799 426 985 494 aecclesiam
1006 425 1225 495 corbeiensem
1271 433 1341 489 1152

32 543 228 610 invaserint
256 549 289 611 et
315 550 432 630 quanta
458 545 654 632 turpitudine
676 543 830 632 oppidum
852 549 885 610 et
906 542 1080 629 oppidanos
1102 508 1372 617 nostros⁰1⁰rttvff¹is

35 659 218 728 affecerint
251 667 429 747 quantaque
462 661 640 728 temeritate
674 659 859 728 aecclesiam
890 664 923 726 et
948 659 1019 726 loca
1046 664 1228 726 consecrata

36 776 258 861 violaverint,
286 775 361 843 dum
389 775 531 843 homines
557 782 699 862 nostros,
729 777 770 844 ad
796 775 980 843 aecclesiam
1001 781 1164 862 tamquam
1187 775 1228 842 ad

38 893 215 978 singulare
237 893 393 978 refugium
415 892 640 977 confugientes,
663 894 697 959 iu
719 913 816 958 manu
831 897 954 958 armata
969 913 989 958 a
1002 892 1102 958 sacris
1118 891 1227 959 edibus

40 1010 278 1093 abstraxerint,
301 1016 334 1076 et
357 1014 462 1096 preter
484 1029 682 1077 communem
704 1009 837 1096 predam
858 1009 966 1076 variae
988 1007 1226 1094 suppellectilis,

41 1147 134 1213 quae
150 1125 277 1193 difficile
299 1127 466 1212 supputari
479 1131 594 1212 potest,
619 1126 659 1192 sd
674 1125 880 1194 exsolvendas
897 1144 957 1213 pro
972 1123 1073 1192 salute
1088 1145 1147 1190 sua
1160 1126 1233 1191 253<

41 1251 196 1310 marcas·
216 1243 349 1309 miseros
372 1241 430 1309 sub
451 1242 592 1329 periculo
614 1243 808 1329 captivitatis
823 1242 982 1337 etmortis
997 1240 1226 1327 compulerunt.

44 1359 136 1438 Quia
152 1379 228 1426 vero
250 1359 307 1425 has
329 1357 520 1444 multiplices
541 1359 674 1426 iniurias
697 1364 863 1444 etgraves
886 1358 1006 1426 diutius
1028 1355 1229 1423 dissimulare

45 1495 119 1542 non
140 1494 323 1562 possumus,
350 1475 570 1560 conquerimur
591 1475 680 1542 robis
703 1476 787 1544 inter
809 1476 872 1543 ulia
892 1475 937 1559 id,
960 1473 1044 1561 quod
1066 1472 1229 1559 episcopa-

44 1593 118 1660 lem
131 1592 263 1678 respicit
276 1590 531 1677 vindicationem,
545 1610 654 1659 sacrae
670 1592 815 1659 videlicet
828 1590 999 1659 aecclesiae
1015 1588 1227 1656 violationem.

44 1709 97 1778 Et
119 1715 158 1775 ut
178 1709 269 1776 nobis
283 1715 351 1776 tam
365 1709 404 1775 de
420 1706 580 1793 cognatisb
603 1728 698 1794 quarn
720 1709 760 1775 de
783 1708 854 1774 aliis
875 1705 1093 1795 parrochianis
1115 1705 1229 1772 vestris

48 1824 226 1894 aecclesiae
241 1825 455 1909 violatoribus,
478 1845 612 1911 quorum
633 1825 764 1892 uomina
783 1823 874 1890 vobis
895 1823 1158 1906 transmisimus,
1180 1822 1230 1887 iu-

47 1942 177 2010 stitiam
199 1947 361 2027 tamquam
388 1941 428 2009 de
454 1941 596 2010 notoriod
618 1942 750 2008 crimine
770 1941 896 2007 fmiatis
921 1945 990 2006 tum
1011 1959 1069 2026 pro
1091 1939 1230 2005 karitate

47 2059 117 2126 Dei
143 2063 211 2125 tam
233 2078 291 2144 pro
308 2059 485 2125 reverentia
500 2058 606 2124 domni
627 2077 740 2146 papae,
763 2077 820 2124 ros
843 2056 958 2124 obnixe
979 2055 1228 2142 interpellamus.

50 2175 154 2244 Cuius
177 2176 271 2242 etiam
294 2175 435 2260 geminas
457 2174 606 2261 epistolas
628 2195 687 2261 pro
710 2174 821 2242 eedem
843 2193 948 2258 causa,
971 2192 1049 2258 quas
1073 2171 1159 2260 apud
1171 2191 1230 2237 nos

50 2291 219 2376 habemus,
242 2295 396 2378 oportuno
417 2295 560 2377 tempore
582 2290 671 2357 vobis
695 2289 871 2357 offeremus.
959 2287 1017 2354 Set
1038 2293 1071 2352 et
1091 2285 1151 2352 hoc
1172 2305 1231 2352 nos

52 2408 202 2476 volumus
224 2407 444 2474 discrederem
458 2413 598 2474 vestram
620 2407 727 2490 seire,
752 2405 836 2492 quod
858 2404 898 2471 de
919 2401 1105 2490 reparandis
1127 2401 1231 2466 muni-

52 2523 196 2592 tionibus
219 2523 328 2611 oppidi
350 2523 451 2590 nostri
475 2523 510 2589 in
532 2523 681 2609 proxima
701 2521 800 2606 cuma,
824 2541 905 2607 quae
927 2520 1013 2606 apud
1030 2515 1232 2600 Wirzeburg‘

54 2639 218 2710 celebrata
245 2647 293 2706 est
302 2635 319 2724 ¹,
348 2639 500 2706 iudicium
528 2638 620 2722 regni
648 2657 753 2704 curam
781 2637 896 2704 domno
922 2657 997 2718 rege
1020 2639 1053 2701 et
1074 2633 1231 2700 universis

53 2755 254 2848 principibus
277 2756 463 2843 accepimus.
499 2755 552 2822 Ad
575 2754 659 2840 quod
680 2774 760 2841 opus
781 2772 854 2819 cum
876 2749 1107 2818 mareskalcum
1123 2748 1233 2816 domui

54 2875 143 2958 regis
172 2878 351 2960 presentem
376 2871 562 2956 habeamus,
591 2876 629 2936 ut
649 2876 771 2938 vestros
793 2867 1017 2935 ministeriales
1039 2867 1079 2933 ab
1101 2865 1231 2932 intesta-

54 2992 144 3058 tione
166 2995 275 3056 nostra
295 2987 499 3076 prohibeatis,
522 2988 550 3054 si
571 2987 653 3054 forte
675 2985 795 3052 domini
815 2984 864 3051 illi
878 2985 994 3052 iterum
1008 3003 1067 3050 nos
1080 2981 1231 3049 infestare
1342 2987 1347 2994 ’

56 3106 225 3189 voluerint,
249 3105 448 3171 dilectionem
462 3110 600 3171 vestram
622 3107 740 3170 edente
759 3101 917 3168 monendo
930 3120 1088 3184 rogamus.
1149 3097 1231 3178 Quid

56 3223 166 3308 itaque
193 3220 233 3288 de
261 3226 372 3287 uestra
397 3221 550 3307 petitione
576 3218 832 3301 satisfacturus,
859 3221 896 3283 ut
915 3217 1007 3284 nobis
1029 3237 1088 3303 per
1108 3215 1231 3282 litteras

59 3345 182 3406 vestras
205 3341 238 3404 et
251 3357 310 3424 per
323 3341 500 3422 presentem
517 3335 662 3401 nuntium
678 3332 856 3418 significare
870 3333 997 3416 curetis,
1021 3333 1230 3400 obsecramus.

59 3454 134 3523 Ideo
156 3458 262 3521 antem
289 3453 423 3521 celerem
449 3452 622 3519 vindictam
651 3451 690 3518 de
717 3450 850 3517 crimine
877 3446 1021 3516 notorio⁴¹
1044 3449 1232 3535 expetimus,

61 3571 138 3658 quia
158 3570 303 3637 omnibus
325 3571 524 3636 manifestum
550 3573 598 3634 est
619 3572 652 3634 et
673 3565 784 3650 negari
804 3586 868 3632 uon
889 3569 1006 3653 potest,
1029 3565 1113 3652 quod
1135 3562 1233 3630 eccle-

61 3689 143 3756 siam
164 3691 197 3754 et
219 3705 343 3753 sacrum
365 3685 564 3772 cymiterium
578 3682 782 3750 violaverint⁸
805 3689 836 3749 et
857 3683 932 3750 inde
952 3682 1096 3749 homines
1120 3679 1161 3746 ad
1178 3699 1233 3745 ex-

61 3803 268 3891 torquendam
291 3823 388 3890 supra
407 3807 549 3868 taxatam
571 3799 739 3888 pecuniam
756 3818 815 3886 per
828 3798 1013 3866 violentiam
1028 3795 1232 3865 exhaxerint

134 3978 155 4012 a
177 3977 264 4010 marcas
280 3963 418 4010 addiderant
435 3965 536 4008 Moram
551 3973 572 4007 ιι
587 3959 692 4008 Damud.
760 3957 782 4003 b.
803 3959 891 4004 conada
906 3977 953 4032 a-
997 3971 1017 4004 c.
1037 3955 1191 4004 tranmislmns
1213 3971 1233 4000 ο.

63 4046 87 4095 d.
101 4045 225 4094 namhoc.
274 4057 294 4090 a.
310 4043 368 4090 scire
385 4043 636 4090 addimentum«
651 4038 788 4086 abnuam
836 4037 852 4084 f.
868 4037 978 4084 Wizebc.
1024 4051 1046 4095 g.
1059 4034 1234 4083 violaverInitc.

135 4142 160 4197 1.
185 4138 268 4197 Curis
285 4138 354 4194 haec
371 4137 476 4195 indicta
493 4141 553 4192 erat
573 4136 602 4191 in
623 4134 697 4192 diem
721 4133 754 4188 13
771 4132 833 4188 Oet.
851 4134 890 4199 (r.
901 4147 946 4200 ep.
958 4132 1011 4186 388
1029 4145 1113 4200 supra
1129 4145 1156 4199 p.
1170 4129 1234 4196 521)

63 4245 179 4301 eamque
196 4228 340 4284 minimum
357 4226 448 4298 spatio
465 4223 572 4282 dierum
591 4223 697 4281 16-24
713 4221 841 4279 Octobris
859 4220 1024 4276 celebratam
1041 4233 1104 4276 esse
1121 4217 1235 4275 suimus.

545 4379 752 4390 --—-—-·

110 4494 187 4550 ἔκη’.
204 4497 347 4543 Bibliotheca
364 4497 380 4540 l.
987 4489 1022 4546 35
