3117 4859
340 337 343 350 ,
404 289 554 342 wmnrmr
574 291 762 342 urmuonau
782 289 837 338 aaa.
853 289 906 338 are
1176 271 1244 342 525

62 434 261 524 proiecerat,
287 435 323 502 in
343 433 432 503 illam
454 434 639 504 aecclesiam
665 433 908 519 malignantium
928 437 1092 519 tamquam
1114 432 1150 500 iu
1171 437 1332 502 aen-blaa

63 553 172 620 mam
200 551 362 637 recollegit
388 557 435 636 et,
471 551 620 639 quiequid
647 550 786 639 improbi
812 555 846 617 et
871 551 947 617 irati
975 555 1009 617 et
1036 570 1116 640 sese,
1132 549 1244 618 ulcisci
1368 549 1372 560 '

64 669 235 756 cupientes
256 667 433 754 confingere
454 669 489 734 iu
510 667 630 734 lamam
653 667 776 735 abbatis
798 670 979 754 potuerunt
1001 666 1191 754 conseripsit
1212 673 1245 734 et

64 784 232 872 dispersit
264 783 400 852 Pedibus
421 785 529 871 itaque
542 789 666 852 saeuae
682 782 878 852 celsitudinis
895 783 1000 850 animo
1018 781 1159 850 advoluti
1172 801 1247 850 cunr

64 901 228 968 universis
249 900 400 969 iratribus
422 901 556 986 uostris,
585 899 742 989 supplices
768 919 877 988 preces
900 897 1104 986 effundimus,
1133 904 1171 966 ut
1191 919 1246 967 re·

63 1017 213 1085 nieutem
228 1018 268 1085 ad
281 1023 421 1086 vestam
435 1017 634 1086 elementiam
649 1016 827 1105 predictum
841 1015 998 1100 abbatam,
1016 1017 1121 1084 virum
1134 1016 1245 1102 utiquc

66 1134 241 1201 honestum
263 1141 295 1202 et
315 1135 500 1218 litteratum,
522 1134 557 1200 in
579 1133 821 1201 mausuetudine
843 1132 993 1200 bonitatis
1007 1138 1132 1200 restae
1147 1131 1247 1200 suaci-

65 1251 171 1338 piatis
194 1256 236 1336 et,
259 1251 443 1318 exauditum
464 1250 499 1318 in
520 1251 707 1318 necessitate
726 1269 793 1334 sna,
814 1249 850 1316 in
869 1248 1066 1336 plenitudiue
1080 1249 1244 1333 dignitatis

67 1385 152 1434 snae
171 1366 287 1435 litteris
310 1373 342 1435 et
362 1367 520 1435 mandetis
543 1367 739 1436 auctoritatis
758 1371 881 1434 vestae
895 1386 954 1453 per
969 1365 1106 1453 aliquem
1118 1363 1246 1433 fidelem

67 1483 215 1569 legatum
235 1488 376 1552 vestrum
396 1484 582 1552 restituatis.

71 1694 167 1767 394.
185 1698 343 1766 Widcldoa
360 1701 399 1766 A.
416 1701 521 1768 αὸόαέὲ
540 1701 578 1766 de
594 1701 709 1780 Moero,
731 1699 818 1787 qood
834 1697 990 1786 Sifrddam
1007 1699 1149 1766 abbatam
1165 1695 1247 1764 Hal·
1381 1694 1384 1700 ’

187 1816 412 1882 poemenem
434 1817 562 1903 decipere
582 1815 741 1903 receperit,
761 1815 883 1900 pretias
904 1816 977 1901 cpit.
1089 1810 1247 1896 (mooe.)

164 1945 346 2015 &verendo
367 1947 403 2014 in
425 1946 549 2014 Christo
571 1947 657 2034 petri
679 1951 712 2014 et
733 1945 861 2012 domina
883 1945 923 2013 A„
945 1945 1118 2014 venerabili
1140 1945 1248 2013 abbati
1268 1956 1337 2014 1152

70 2062 115 2131 de
138 2061 245 2131 Monte
265 2064 364 2132 irater
378 2061 567 2146 Wlibaldus)
589 2063 650 2131 Dei
672 2063 775 2147 gratia
796 2063 841 2148 id,
864 2063 948 2148 quod
969 2069 1020 2131 est
1039 2063 1076 2130 iu
1097 2062 1250 2130 aeeclesia

71 2178 241 2266 catholica,
263 2179 397 2248 salutem
418 2181 454 2248 iu
468 2180 604 2249 Domino
627 2185 659 2248 et
680 2179 840 2248 bacernae
861 2179 1008 2248 karitatis
1030 2178 1249 2247 indissolubile

71 2295 247 2364 vinculum.

166 2411 357 2501 Multiplices
384 2413 559 2498 gratiarum
587 2413 725 2480 actiones
753 2417 877 2480 vestae
904 2412 939 2478 in
961 2410 1088 2478 Christo
1115 2410 1249 2479 dilmtae

71 2529 267 2598 fraternitati
291 2529 456 2612 debemus,
478 2547 537 2615 pro
561 2548 597 2595 eo
620 2528 704 2614 quod
725 2529 931 2594 karissimum
952 2528 1084 2594 tratrem
1104 2532 1249 2595 nostrum

74 2653 110 2716 et
131 2647 167 2713 in
188 2646 324 2715 Domino
346 2645 499 2730 collegam
521 2643 683 2728 sifridum,
705 2633 918 2711 venerabilem
940 2642 1086 2710 abbatem
1109 2643 1148 2711 dc
1170 2641 1249 2711 Hul-

72 2761 216 2848 lesbem,
241 2763 420 2831 uenientem
450 2761 490 2827 ad
517 2780 573 2828 vos
596 2760 630 2826 iu
658 2759 915 2827 tribulationibus
943 2763 976 2826 et
1005 2760 1159 2845 angustiis
1182 2761 1248 2828 suis

74 2879 213 2964 beuigrm
235 2879 429 2968 suscepistis,
452 2882 485 2945 et
506 2877 553 2966 pii
568 2874 773 2944 consolatoris
791 2875 948 2961 affectum,
970 2882 1124 2963 quantum
1146 2875 1180 2944 iu
1194 2897 1250 2944 ro-

74 2997 128 3065 bis
149 2995 225 3081 luit,
254 2997 284 3064 ei
306 2995 508 3080 exhibuistis,
536 3001 569 3062 et
590 2992 828 3079 contumeliam,
856 3013 937 3080 quae
959 2993 1063 3061 ordini
1079 3000 1194 3062 nostro
1215 2994 1250 3061 in

74 3131 214 3202 persono
236 3111 304 3179 eius
325 3113 467 3197 irrogata
487 3117 545 3197 est,
568 3111 676 3180 debita
697 3109 916 3197 compassione
938 3109 1093 3178 doluistis.
1127 3111 1172 3179 Et
1191 3130 1250 3178 nos

76 3249 154 3314 ergo
177 3234 390 3317 contemptam
417 3230 451 3296 in
473 3247 511 3296 eo
538 3228 694 3295 iustitiam
715 3225 889 3314 plurimum
909 3226 1066 3313 dolemus,
1094 3232 1163 3295 tum
1191 3247 1250 3315 pro

75 3347 176 3414 totius
198 3347 365 3413 monastici
388 3345 507 3412 ordinis
528 3343 669 3429 generali
690 3343 864 3412 abiectione
884 3349 954 3411 turn
975 3364 1035 3431 pro
1052 3328 1250 3412 Gorbeiensis

77 3461 260 3546 aecclesiae,
283 3463 371 3530 ouius
393 3463 462 3550 ipse
483 3459 567 3527 lilius
590 3464 689 3527 estet
710 3460 883 3546 professus,
905 3459 1036 3548 speciali
1057 3460 1248 3529 confusione

76 3577 172 3647 Hane
192 3581 298 3646 autem
320 3577 503 3646 violentiam
523 3595 677 3664 personae
705 3576 772 3643 eius
794 3577 966 3662 irrogatam
988 3577 1024 3644 iu
1045 3578 1174 3645 auribus
1196 3597 1250 3644 re·

76 3701 167 3764 strae
188 3695 364 3762 sanctitatis
388 3698 421 3761 et
442 3693 583 3760 omnium
603 3693 748 3777 fratrum,
770 3693 997 3761 venerabilium
1015 3693 1136 3761 scilieet
1157 3691 1250 3760 coab-

75 3812 191 3880 batum
212 3817 393 3879 nostrorum
414 3829 473 3877 neo
493 3830 558 3877 nan
579 3809 809 3894 universorum,
836 3810 891 3894 qui
911 3811 947 3877 in
968 3816 1079 3878 saneta
1099 3809 1251 3894 religione

76 3928 272 4014 consistunt,
303 3947 375 3995 aum
396 3925 592 3994 lamentabili
614 3930 646 3992 et
668 3924 838 3994 affectuosa
859 3927 1056 4013 querimonia
1075 3925 1251 4013 proclama·

76 4065 167 4114 mus:
191 4044 275 4131 quod
297 4043 366 4112 siue
387 4043 560 4128 vocatione,
583 4042 652 4110 siue
668 4042 796 4127 iudicio,
818 4043 890 4110 siue
902 4043 1079 4139 audientia,x
1094 4041 1163 4109 sine
1177 4060 1251 4129 pro·

76 4162 144 4252 prii
167 4161 231 4229 oris
253 4160 464 4244 consessione,
492 4159 645 4245 dignitate
668 4163 700 4228 et
726 4159 821 4228 rebus
844 4160 989 4228 abbatiae
1010 4178 1087 4226 suae
1107 4159 1250 4247 privatus

78 4283 140 4365 est,
163 4297 264 4365 neque
286 4298 345 4366 per
366 4281 508 4344 nostram
524 4276 785 4364 supplicationem
800 4280 856 4343 aut
869 4275 1067 4345 corbeiensis
1082 4274 1252 4344 aecclesiae

78 4415 138 4465 seu
160 4395 292 4464 abcuius
314 4394 434 4464 ordinis
449 4399 504 4462 aut
518 4393 681 4479 diguitatis
696 4394 953 4464 intercessionem
973 4399 1047 4484 post
1059 4393 1121 4463 boc
1132 4393 1252 4466 facum
