3117 4859
464 293 613 340 wmsnnr
633 290 821 341 samsones
845 291 866 337 1.
883 291 924 338 a..
1227 271 1267 339 11

99 439 203 502 vestm
224 433 390 520 diligentia
412 435 570 503 subtiliter
590 435 714 519 enodet,
737 453 819 520 quae
834 439 866 501 et
881 433 1045 502 breuitatis
1060 433 1164 516 gratia
1178 451 1270 520 prae·
1279 436 1439 492 1119-1130

99 551 250 619 tereunda
270 553 381 639 putari
396 557 428 618 et
443 552 518 638 quia
532 551 685 618 disertum
699 550 869 636 interrogo,
894 551 948 635 qui
963 550 1022 616 hoc
1035 549 1159 616 facilius
1175 569 1270 637 quam

99 689 153 753 ego
176 669 340 736 advertere
361 669 472 735 nostis.
540 667 752 752 Pometiam,
776 668 805 734 si
827 666 987 734 dilectioni
1010 671 1133 734 restrae
1154 666 1269 754 placet,

98 789 133 850 ut
154 784 377 872 Apologetioos
397 791 521 853 uestros
530 781 548 870 ¹,
572 805 650 870 quos
669 783 847 851 illustribus
862 784 1033 871 scripsistis
1049 778 1156 867 viris’,
1178 782 1269 850 nobis

98 901 223 968 mittere
249 901 371 988 velitis,
401 903 551 988 quoniam
578 921 651 968 eum
680 903 714 967 in
735 900 896 989 Malthace
924 899 1011 966 loeus
1040 899 1094 966 ille
1116 901 1269 966 venisset:

98 1020 171 1085 lim
190 1021 334 1086 voluntas
356 1032 411 1086 tac
432 1023 511 1085 sicat
532 1013 615 1102 eto.⁸‚
638 992 817 1084 invenimus
836 1016 1071 1083 calumniatoris
1086 1015 1184 1083 vestri
1199 1037 1270 1082 sen·

98 1135 245 1219 tentiam,
280 1155 374 1221 quam
407 1141 476 1202 tota
501 1134 648 1202 libertate
675 1139 862 1221 praeceptor
891 1130 997 1200 mens⁴
1024 1133 1146 1220 respuit
1176 1132 1270 1199 etin

98 1256 236 1318 vestrm
259 1252 391 1339 pedibus
413 1257 450 1318 ut
464 1252 580 1318 dicitur
593 1251 754 1335 ingressus
769 1255 827 1318 est.
858 1249 976 1316 Verum
991 1269 1171 1336 quanquam
1184 1253 1270 1316 uter-

99 1387 157 1454 que
177 1375 325 1435 nostmm
351 1368 449 1435 libros
476 1367 603 1436 eosdem
624 1373 764 1451 vestrm,
793 1366 869 1433 dum
892 1366 994 1433 adhuc
1016 1367 1127 1433 essetis
1149 1365 1269 1450 leodii,

98 1483 282 1568 legissemus
305 1521 345 1532 -
370 1506 446 1552 nam
468 1486 544 1552 illue
564 1489 696 1573 propter
717 1504 774 1552 ros
798 1488 831 1552 et
852 1503 950 1570 opera
971 1487 1077 1550 vestra
1099 1483 1137 1550 de
1155 1481 1270 1550 stabu-

97 1600 182 1668 laus·
204 1599 410 1669 veneramus⁸
429 1639 472 1648 —
494 1607 604 1668 tamen
626 1621 735 1668 eorum
757 1601 947 1667 sententiam
959 1620 1033 1678 ¹nou
1055 1599 1148 1666 facile
1169 1604 1270 1666 totam

98 1723 203 1784 tenere
232 1719 409 1805 potuimus3
438 1719 494 1785 sed
521 1719 582 1785 boc
608 1719 791 1784 memoriter
813 1716 981 1802 habemus,
1010 1717 1118 1784 subtili
1140 1735 1196 1784 vos
1219 1735 1270 1783 ra-

98 1835 182 1902 tione
210 1840 244 1902 et
271 1834 451 1902 rationabili
474 1835 649 1902 subtilitate
670 1835 800 1918 vicisse,
827 1832 949 1900 nullam
971 1833 1005 1899 in
1028 1832 1188 1901 voluntate
1209 1833 1271 1901 Dei

99 1950 315 2018 diversitatem
341 1951 393 2018 rel
420 1951 637 2038 duplicitatem
667 1951 817 2018 accidere.
863 1948 899 2016 si
928 1949 1003 2016 heo*
1025 1949 1115 2018 robis
1144 1951 1271 2036 quidem

98 2087 205 2153 parva,
229 2067 309 2134 mihi
330 2089 406 2135 vero
429 2067 562 2152 grandia
583 2087 736 2134 meruero.
772 2065 965 2133 Animabitis
988 2087 1040 2133 me
1061 2067 1196 2134 forsitan
1215 2065 1272 2134 illa

99 2203 258 2270 quaerere,
282 2185 457 2270 dequibus
480 2184 610 2269 dignum
625 2186 668 2250 sit
680 2189 821 2250 restem
837 2183 1055 2251 excellentiam
1068 2185 1270 2273 respondere,
1357 2271 1358 2276 ἵ

7 2358 8 2379 2
98 2300 267 2387 inquibus
289 2321 362 2368 mea
383 2307 416 2368 et
436 2302 501 2368 mei
522 2301 674 2367 similium
688 2301 826 2367 tenuitas
842 2301 944 2387 possit
957 2299 1118 2388 proficere.
1148 2300 1268 2369 Valete.

7 2488 8 2493 '
100 2503 135 2574 a.
162 2509 322 2595 epm
344 2510 440 2576 assa
457 2510 619 2575 sacceas
641 2507 793 2588 proauo,
817 2509 856 2573 ce
878 2509 964 2574 ιι...
979 2510 1155 2595 espessa
1176 2512 1271 2576 reer-

162 2627 298 2710 rupaoti,
321 2648 386 2689 rsus
407 2647 477 2690 eum
499 2617 736 2690 commeatorio‘
757 2623 839 2689 banc
862 2625 1021 2711 epistolam
1042 2627 1141 2690 misit.

185 2755 267 2822 cnm
289 2761 378 2840 tuas,
401 2756 604 2823 dilecdssime
626 2757 659 2822 in
679 2755 806 2822 christu
828 2757 927 2822 fram
949 2755 1125 2841 Wfibalde),
1148 2757 1440 2824 litterarius-noo

100 2873 306 2960 accepissem,
336 2874 445 2940 statim
472 2873 711 2957 interrogationi
738 2878 813 2939 tuae
841 2873 952 2959 paravi
979 2891 1166 2960 responsum
1194 2875 1270 2942 dare

8 2982 9 3017 r
97 2988 199 3056 breve.
243 2988 289 3056 At
309 2990 363 3057 ubi
384 2990 482 3056 rerba
501 2989 634 3056 fundere
656 2989 762 3075 coepi,
787 2989 935 3076 scriptori
956 3009 1015 3078 per
1036 2988 1192 3058 calamum
1215 3011 1270 3058 ex·

8 3126 9 3157 1
98 3105 228 3193 cipianti
248 3104 344 3192 plura
364 3125 434 3172 sese
455 3105 637 3173 obtuleruut
658 3105 801 3190 dicenda,
826 3125 906 3192 quae
922 3107 1124 3194 pertinebant
1139 3108 1179 3174 ad
1194 3127 1271 3175 eun·

9 3318 10 3325 ¹
98 3221 169 3289 dem
191 3243 321 3289 sensum
344 3228 376 3289 et
398 3219 510 3289 afferre
531 3242 626 3309 posse
642 3223 831 3290 videbantur
846 3244 905 3311 pro
921 3224 1031 3292 eadem
1044 3245 1080 3291 re
1094 3225 1270 3310 legentibus

168 3361 190 3394 ι
206 3346 329 3394 sutum
344 3347 380 3394 ed
441 3347 465 3394 b.
480 3346 525 3394 bea
539 3349 575 3394 «R

168 3426 194 3479 1.
219 3425 335 3494 Ruperti
357 3424 458 3481 librum
485 3424 742 3496 apologeticum
770 3425 812 3482 de
837 3425 1022 3483 voluntate
1044 3425 1124 3497 Dei,
1147 3425 1216 3498 Opp.
1233 3427 1271 3484 ll.

99 3511 262 3582 ssd-901,
286 3514 469 3583 compositum
487 3515 577 3584 spatio
596 3529 729 3570 annorum
750 3515 821 3569 1113
839 3518 868 3570 et
887 3515 969 3586 11153
993 3518 1025 3570 ut
1047 3516 1129 3572 docui
1150 3517 1179 3574 iu
1197 3517 1271 3574 lion.

9 3598 10 3629 ἒ
99 3601 190 3658 serm.
203 3601 254 3658 ss.
266 3601 328 3657 Xll
348 3603 401 3658 625
418 3619 446 3657 n.
460 3605 502 3658 13.
573 3605 599 3658 2.
618 3602 759 3658 willelmo
777 3603 814 3659 de
831 3603 979 3673 (lampellis
997 3604 1127 3674 episcopo
1146 3605 1271 3663 Catalau-

99 3693 176 3748 nemi
198 3695 228 3748 et
245 3691 379 3748 Auselme
401 3692 507 3748 domno
524 3692 713 3761 laudunensi,
738 3698 770 3748 ut
787 3709 822 3748 ex
839 3693 903 3750 libri
920 3694 1009 3764 ipsius
1026 3696 1118 3765 eapite
1137 3695 1152 3750 1
1171 3694 1271 3752 intelli·

100 3781 179 3852 gitur.
254 3782 281 3836 3.
304 3780 401 3837 llatth.
414 3783 445 3851 6,
458 3782 502 3838 10.
573 3785 600 3838 4.
620 3781 806 3852 Rsinbardus,
829 3789 927 3852 postea
953 3784 1039 3841 abbas
1062 3783 1269 3842 Reiuhusensia

100 3867 132 3924 V.
150 3868 225 3925 infra
241 3886 286 3939 ep.
298 3871 343 3925 55.
396 3870 422 3926 b.
441 3871 600 3927 Wibaldum
618 3872 663 3927 die
678 3873 711 3927 14
729 3872 837 3927 Ianuar.
851 3889 877 3927 a.
892 3873 960 3929 1118
973 3889 1008 3929 ex
1020 3874 1185 3930 monasterio
1197 3874 1271 3930 Wal-

101 3959 254 4016 eiodcrenei
272 3959 301 4014 in
319 3957 484 4016 stabulense
507 3959 671 4016 coenobium
688 3961 844 4032 transiisse,
868 3962 970 4018 docent
987 3961 1074 4019 Notae
1093 3963 1271 4019 stabulenses

10 4114 11 4131 χ
101 4062 181 4118 supra
198 4064 229 4118 p.
240 4049 285 4104 'ld
321 4049 474 4118 Rupertum
491 4064 559 4106 vero
576 4055 626 4106 aut
643 4065 737 4106 mense
753 4050 853 4107 llartio
870 4055 919 4106 aut
935 4067 973 4106 m.
984 4051 1076 4123 Aprili
1093 4069 1118 4106 a
1132 4051 1202 4107 1119
1220 4051 1271 4108 Oe-

101 4135 200 4193 loniam
222 4137 385 4207 pervenisse
406 4155 459 4194 nec
479 4143 578 4209 postea
598 4139 734 4196 Medium
758 4155 899 4196 teramum
923 4156 997 4210 esse,
1020 4141 1128 4198 ostendi
1150 4142 1178 4196 in
1196 4141 1271 4198 Mon.

10 4274 11 4293 1
102 4224 189 4282 serm.
207 4225 257 4283 ss
277 4227 339 4282 ΧΗ.
358 4228 420 4283 611.
456 4228 552 4298 ltaque
570 4227 716 4285 Wibaldus
738 4245 774 4285 ex
799 4230 933 4286 coenobio
956 4229 1115 4286 stabulensi
1136 4230 1271 4288 leodium

10 4312 11 4317 ’
101 4313 213 4386 Ruperti
225 4331 310 4372 eausa
322 4317 430 4373 venisse
441 4317 526 4374 debet
535 4317 626 4389 spatio
638 4319 774 4376 mensium
787 4319 906 4376 Ianuarii
917 4335 943 4375 a.
956 4320 1023 4376 1118
1036 4325 1065 4376 et
1076 4319 1181 4389 Aprilis
1190 4321 1269 4377 1119.

10 4434 11 4485 p
102 4404 124 4463 t.
140 4405 257 4476 Ruperti
274 4405 345 4476 Opp.
362 4406 397 4462 11.
416 4407 569 4463 ssi-942.
