3117 4859
439 320 590 370 wmmmr
609 320 776 371 murrona
797 322 852 369 aa
1161 304 1228 373 346

69 463 165 531 Semel
188 468 359 551 correptus,
382 462 422 531 de
444 469 547 531 cetero
570 464 787 532 emendabitis.
861 464 914 531 Ad
934 464 1112 553 penultima
1123 470 1230 534 vestra
1246 474 1318 596 nto

66 582 142 647 inter
162 581 267 668 prime
288 584 398 649 noeba
413 580 502 649 vobis
524 581 760 669 respondemus,
784 582 878 669 quod,
901 582 1027 670 quaudo
1047 547 1268 650 conveneri-

66 718 145 782 mus,
172 696 264 785 plura
285 695 446 765 dilectioni
467 702 591 766 vestrm
612 698 729 766 reterre
750 699 950 784 habebimus,
974 720 1036 785 que
1055 702 1094 766 ut
1112 699 1228 767 litteris

59 813 294 898 'mandarentun
316 833 375 881 noo
393 814 488 881 breue
511 834 569 881 nec
590 818 694 881 tutum
715 815 786 881 fcit
826 814 977 883 Preterea
996 815 1115 883 multe·
1135 816 1228 884 nobis

66 930 189 1019 dempta
211 934 294 1015 sunt,
317 951 357 998 ex
380 952 417 997 ec
432 931 587 1015 videlicet,
611 931 694 1017 quod
708 930 776 998 Deo
800 932 839 999 de
860 932 956 1000 coelis
978 931 1151 999 distillante
1168 933 1228 999 mi-

66 1046 272 1132 sericordiam,
295 1044 417 1132 Guello‚
441 1068 511 1115 cum
535 1047 679 1115 omnibus
701 1048 766 1115 iere
788 1049 967 1117 hominibus
990 1049 1056 1116 suis
1073 1049 1229 1143 cinniore
1245 1066 1334 1116 reses

65 1184 133 1249 roge
158 1184 267 1252 pugna
287 1168 469 1251 superatus,
497 1168 607 1252 captus
631 1168 687 1231 est
732 1164 776 1232 Et
798 1166 957 1253 opinabile
977 1164 1106 1253 quidem
1127 1168 1231 1233 estet

65 1282 162 1348 veraci
179 1281 376 1349 coniecturae
392 1282 469 1348 setis
484 1286 739 1367 consentaneum,
762 1283 857 1369 qnod,
873 1282 903 1349 si
917 1283 978 1349 boo
989 1283 1108 1349 bonum
1121 1281 1232 1349 divine

65 1396 227 1467 clementis
251 1418 316 1466 non
345 1402 429 1465 esset
448 1397 579 1483 largite,
606 1418 738 1483 magnos
759 1399 796 1466 in
817 1420 914 1484 regno
935 1404 1040 1467 motus
1061 1399 1158 1467 fuisse
1179 1399 1229 1465 in-

64 1520 160 1600 turos,
191 1535 270 1601 quos
298 1534 383 1583 nuuc
411 1536 451 1582 ex
477 1514 564 1581 facili
591 1535 685 1602 posse
717 1517 884 1603 comprimi
911 1521 945 1583 et
965 1514 1112 1583 suffocari
1134 1514 1231 1583 conli-

64 1630 177 1715 dimus;
201 1652 263 1719 que
285 1632 409 1719 plenius
432 1631 586 1699 colerico
608 1638 715 1700 vestm
736 1632 775 1700 E.
794 1652 982 1717 cognoscere
1002 1632 1159 1719 poteritis.
1193 1630 1230 1699 Iu

66 1752 212 1834 quantum
239 1768 313 1817 vero
340 1747 517 1833 intelligere
544 1753 577 1814 et
604 1748 777 1817 diiudicare
797 1754 904 1836 potest
929 1754 1040 1816 nosne
1061 1748 1230 1835 capacitas,

65 1864 204 1933 dominus
226 1870 335 1933 noster
361 1886 419 1932 rex
442 1884 534 1932 omne
557 1864 698 1931 studium
719 1871 752 1933 et
773 1865 940 1933 consilium
961 1886 1054 1933 snum
1076 1865 1233 1933 convertit

65 1982 101 2049 od
122 1982 332 2071 disponendas
356 1986 389 2049 et
409 1981 562 2066 gerendas
583 2002 636 2049 res
657 1981 816 2069 publices,
837 2002 897 2050 nec
917 1983 1012 2050 modo
1033 1987 1159 2069 tompus
1180 2002 1230 2051 ro·

65 2097 151 2165 dimit
176 2118 237 2167 nec
263 2118 374 2167 causes
402 2098 616 2185 perfunctorio
644 2098 780 2167 trmsitu
808 2099 916 2166 eludit
962 2098 1039 2167 lude
1061 2104 1110 2165 est
1136 2098 1230 2184 quod,

65 2216 213 2285 ordinatis
235 2216 318 2284 serio
342 2221 374 2283 et
395 2214 626 2283 rationabiliter
646 2215 741 2283 rebus
764 2215 845 2300 suis,
872 2237 933 2302 que
955 2236 996 2285 ex
1016 2216 1154 2303 quadum
1174 2235 1230 2283 ne-

65 2335 196 2401 ocseeria
218 2334 300 2416 serie
316 2332 545 2419 quodammodo
560 2336 783 2399 concatenatae
803 2336 887 2417 sunt,
910 2332 1100 2418 colloquium
1114 2331 1231 2401 habere

65 2450 128 2517 vult
148 2470 222 2518 oum
245 2448 422 2517 Senonibus
444 2450 479 2515 in
502 2448 659 2515 dominica
681 2469 744 2535 qua
765 2453 912 2515 cantatur
929 2450 1042 2515 Ieda'cc
1060 2472 1109 2515 me
1122 2444 1229 2515 Desc'

66 2568 143 2653 opud
152 2566 304 2647 Fuldam3
320 2566 375 2633 ubi
385 2586 442 2633 vos
456 2566 608 2633 interesse
623 2564 725 2632 modis
740 2565 885 2632 omnibus
899 2565 1031 2633 mandat
1041 2569 1074 2633 et
1082 2565 1229 2652 precipit

66 2680 184 2752 Mittere
207 2683 325 2750 etenim
338 2681 472 2749 Romam
486 2702 559 2749 cnm
573 2682 728 2766 gravimte
744 2702 861 2765 magna
874 2687 907 2749 et
919 2682 1011 2765 regui
1025 2700 1063 2748 ac
1074 2700 1230 2768 personae

67 2818 135 2867 suae
155 2801 321 2867 honestate
335 2797 482 2883 intendit,
504 2798 539 2864 in
554 2798 667 2884 quibus
683 2797 778 2865 rebus
792 2802 898 2865 resno
912 2797 1085 2885 plurimum
1099 2796 1229 2865 consilio

66 2916 223 2999 innititur3
246 2922 279 2984 et
299 2935 358 2983 nos
379 2921 530 3001 tanquam
546 2916 721 3002 captivatos
734 2934 835 3001 usque
850 2914 892 2981 ad
905 2914 1077 2981 adventum
1089 2918 1231 2981 vestrum

66 3036 154 3101 tenet
190 3032 338 3101 Defixum
352 3030 447 3119 plane
462 3037 494 3099 et
507 3036 613 3099 ratum
628 3037 677 3099 ost
692 3032 776 3119 apud
790 3032 906 3119 ipsum,
929 3030 1022 3117 qnod,
1045 3030 1230 3098 eisororem

67 3144 166 3217 suam'
181 3150 299 3236 absque
322 3149 419 3215 armis
440 3148 474 3214 in
489 3147 653 3217 Poloniem
668 3149 818 3217 reducere
832 3148 982 3235 potuerit,
1004 3166 1080 3215 mox
1100 3147 1230 3235 expedi·

66 3265 178 3335 tionem
192 3266 337 3334 Italicam
351 3264 516 3350 magnifico
532 3270 687 3353 apparatu
702 3265 869 3333 ordinabit.
898 3263 1001 3351 Super
1013 3284 1076 3351 quo
1091 3284 1151 3331 nos
1164 3265 1230 3331 iarn

68 3382 205 3452 dubitare
219 3405 283 3452 non
301 3384 461 3468 audemus,
485 3386 517 3449 et
538 3383 686 3467 maxime,
702 3402 774 3449 cum
796 3381 836 3448 ad
858 3381 1034 3467 consilium,
1060 3382 1230 3467 quodiam
1304 3434 1309 3442 .

68 3506 252 3587 captaverat,
275 3502 357 3567 hanc
377 3498 554 3567 mirabilem
576 3503 609 3565 et
621 3499 816 3585 insperatam
830 3498 1075 3584 oportunitatem
1087 3498 1231 3586 propicia

68 3614 212 3685 diviuitas
238 3619 267 3685 ei
290 3617 448 3684 adiecerit
494 3614 621 3700 Cetera,
644 3635 716 3683 cnm
737 3616 898 3699 senentis,
921 3614 1045 3701 plenius
1067 3614 1136 3683 Deo
1157 3635 1229 3702 pre-

69 3737 164 3802 stente
186 3734 392 3801 conferemus.
465 3731 532 3811 Qne
546 3732 639 3819 pueri
653 3732 831 3817 didicimus,
853 3732 919 3799 iam
933 3752 1024 3800 senes
1038 3732 1227 3819 experimur.

142 3849 282 3935 Ocelum,
304 3870 369 3916 non
391 3850 532 3917 animum
554 3854 688 3933 mutant,
711 3849 765 3935 qni
786 3854 875 3916 trane
896 3870 986 3916 mare
1006 3853 1150 3915 currunt:

68 3961 101 4029 ln
126 3986 208 4053 aqua
233 3966 376 4033 Iordanis
403 3970 535 4053 peccate
562 3971 667 4033 vestre
695 3965 822 4033 abluere
848 3966 1014 4053 potuistis,
1048 3971 1097 4032 set
1123 3982 1228 4031 mores

69 4088 182 4150 coenos
206 4082 310 4151 eluere
331 4104 396 4150 non
417 4082 579 4169 potuistis3
610 4082 726 4149 etenim
752 4102 817 4149 non
847 4082 949 4149 solum
969 4101 1073 4148 mores
1094 4084 1227 4165 rosbes,

70 4202 113 4264 set
133 4200 229 4267 otiam
249 4200 465 4267 morositatem
487 4198 560 4266 inde
582 4198 744 4266 retulistis.

136 4364 156 4399 a
175 4350 235 4398 mele
248 4352 361 4399 aciabu
375 4351 468 4399 videus.

135 4447 159 4502 1.
177 4446 246 4517 Apr.
258 4448 285 4502 2.
356 4447 383 4503 2.
400 4446 548 4518 Agnetem.
