3117 4859
240 356 247 369 „
330 270 398 337 ato
665 288 814 337 wrennnr
834 287 1021 337 nrmnonne
1042 288 1095 335 noa
1112 286 1165 335 sos.

242 436 312 492 1149
329 429 507 497 mendieare
528 429 742 517 compellitur,
769 450 864 517 quam
885 429 1035 498 delictum
1055 429 1107 496 uei
1128 432 1246 497 orimen
1267 448 1360 496 nrum
1382 446 1484 513 eogno-

330 567 425 615 seore.
470 546 514 613 Et
542 547 690 632 quoniam
712 566 768 614 vos
796 546 1028 614 miserioordem
1057 566 1126 614 esse
1148 567 1212 614 non
1232 547 1428 631 ignoramus,
1453 564 1485 610 oo

329 662 503 731 fiducialius
526 663 752 747 benignitatem
766 670 906 731 vestram
927 682 1086 748 rogamus,
1107 668 1144 729 ιιι
1166 684 1238 731 oum
1259 668 1370 729 nostra
1384 665 1416 727 et
1428 680 1487 726 om·

328 780 417 847 nium
439 782 631 847 eonfrstrum
652 785 833 847 nostrorum
847 781 916 848 vioe
938 781 1051 847 domno
1066 779 1230 847 Bremensi
1247 773 1490 865 ιιιιιιίιιρὶιιιιροι

329 897 534 983 presentetis,
563 898 711 983 quatinus
739 916 812 963 eum
837 918 874 965 eo
898 902 954 964 aut
974 896 1222 964 misericordiam
1243 901 1318 981 agat
1340 898 1397 961 ant
1415 893 1491 960 iudi·

330 1014 414 1080 eium
446 1014 536 1079 iuxta
565 1034 719 1081 oenonum
747 1013 907 1080 tramitem
936 1018 1088 1081 exeroeat.
1138 1012 1235 1080 Orate
1261 1032 1320 1099 pro
1348 1010 1438 1079 nobis
1463 1017 1492 1077 ot

330 1131 546 1198 commendate
567 1150 625 1198 nos
649 1134 766 1198 attente
788 1129 938 1199 fratribus
960 1131 1083 1198 vestris.

336 1342 421 1413 163.
439 1346 598 1413 witoldus
612 1345 769 1413 Hartwioe
785 1344 808 1411 I
823 1345 1052 1433 archiepiscopo
1067 1346 1230 1411 Bremoei
1241 1346 1358 1426 seteis,
1381 1342 1494 1409 mee·

436 1464 634 1551 piscopatom
656 1463 854 1527 Bremeoeem
877 1485 898 1526 o
919 1485 982 1527 eoos
1003 1463 1129 1527 minime
1150 1462 1315 1547 expetitum
1338 1484 1413 1525 esee.
1448 1459 1496 1525 De

444 1579 587 1643 ecelesiae
608 1577 839 1644 Kamiootesasie
854 1579 1097 1665 possessionibus
1118 1578 1214 1642 addit.
1338 1572 1395 1656 (M
1415 1572 1494 1652 148.)

243 1719 313 1773 1149
421 1710 601 1777 Reverendo
625 1710 739 1778 domno
762 1708 946 1792 H(artwieo)
968 1708 1140 1777 venerabili
1161 1707 1361 1775 Bremensis·
1384 1706 1496 1774 asnoio-

331 1826 398 1893 siae
420 1826 652 1914 arehiepisoopo
679 1828 777 1894 freter
799 1826 989 1909 W(ibnldus)
1012 1825 1072 1892 Dei
1094 1826 1198 1909 gotia
1217 1824 1266 1910 id,
1289 1824 1377 1911 quod
1399 1824 1497 1891 estin

332 1942 482 2009 aeoolesia
504 1942 666 2027 natholion,
690 1945 820 2029 exiguas
842 1944 998 2010 orationes
1022 1947 1054 2009 et
1075 1942 1222 2008 devotum
1243 1942 1421 2007 servitium.

421 2059 560 2127 Clericus
582 2064 689 2127 noster
704 2060 870 2127 Heinrious
892 2060 932 2125 de
946 2058 1124 2142 Kaminate,
1147 2058 1221 2144 quit
1243 2058 1401 2144 quaedem
1422 2056 1497 2144 peti·

331 2178 432 2245 tiones
454 2180 578 2243 nostres
602 2177 642 2243 ad
658 2180 797 2243 vestram
819 2176 1044 2243 sublimitatem
1066 2175 1087 2241 ι
1107 2174 1198 2241 nobis
1221 2175 1337 2241 miserm
1360 2173 1496 2261 pertulit,

331 2293 404 2361 inde
426 2312 570 2359 reversus
592 2294 744 2377 narrauit,
767 2294 852 2379 quod
873 2292 1040 2359 adversum
1061 2312 1120 2357 noe
1136 2292 1274 2375 graviter
1288 2292 1405 2358 essetis
1419 2310 1497 2356 eom·

331 2415 436 2477 motns
459 2414 491 2476 et
513 2430 619 2477 eoram
640 2409 748 2475 multis
767 2409 919 2493 grandem
934 2409 972 2475 de
986 2408 1077 2475 nobis
1093 2408 1322 2493 querimoniam
1334 2407 1498 2488 fecissetis

331 2528 461 2614 insuper
484 2533 515 2593 et
536 2528 639 2593 minas
661 2528 695 2593 in
716 2546 774 2593 nos
798 2531 830 2593 et
850 2531 961 2593 nostre
980 2525 1204 2592 intentassetis.
1243 2524 1332 2603 Quod
1355 2544 1415 2591 nos
1437 2543 1498 2590 ore·

333 2644 407 2711 dere
428 2643 606 2711 nullatenus
628 2642 804 2729 potuimus,
834 2643 982 2727 qnoniam
1004 2642 1196 2709 oonsoientie
1216 2647 1326 2707 nostra
1347 2641 1499 2708 vemoitsr

332 2760 422 2827 nobie
444 2764 621 2843 attestatur,
651 2758 734 2845 quod
755 2778 815 2825 neo
835 2758 870 2824 in
892 2758 987 2826 verbo
1009 2778 1068 2825 neo
1089 2759 1124 2825 in
1146 2778 1241 2845 opero
1261 2762 1375 2824 eontra
1397 2777 1497 2844 pereo

332 2896 407 2943 nam
429 2882 461 2943 et
483 2877 669 2961 dignitatem
690 2879 830 2942 uestram
852 2875 986 2941 seientes
1009 2876 1176 2961 quicquam
1198 2874 1329 2958 egimus.
1364 2873 1411 2940 Et
1430 2873 1498 2959 qun

331 2992 384 3059 lex
412 2999 522 3060 nostre
548 3013 612 3059 non
639 2992 758 3059 iudicat
783 3011 987 3077 quemqnam,
1017 2992 1079 3058 nisi
1100 2990 1189 3078 prius
1212 2990 1376 3074 audiatur,
1404 3010 1446 3056 ex
1465 3008 1497 3054 eo

333 3109 480 3177 diseretio
502 3116 607 3177 vestra
629 3108 794 3196 prouidere
816 3106 933 3192 debuit,
959 3112 1005 3192 ut,
1029 3108 1179 3194 qnoniam
1199 3128 1265 3173 non
1286 3108 1403 3191 exiguo
1425 3105 1498 3171 ami·

333 3224 430 3292 oioiae
447 3225 571 3293 vinoulo
594 3224 731 3293 devinoti
753 3243 888 3307 eremus,
911 3224 999 3310 prius
1021 3224 1259 3307 interrogaretis
1282 3228 1315 3290 et
1336 3222 1497 3309 postmodo

332 3340 523 3409 indiceretis.
566 3341 738 3427 Siquidem,
762 3345 798 3406 ut
818 3340 976 3406 industria
996 3346 1103 3407 vestra
1122 3340 1203 3407 bono
1225 3340 1419 3423 recordatur,
1441 3338 1497 3405 (ino

333 3461 428 3543 paeto
448 3458 531 3523 inter
554 3477 611 3523 nos
635 3462 796 3524 contremo
817 3461 900 3540 sunt,
924 3456 1058 3523 alterum
1079 3456 1224 3524 divinum
1245 3463 1277 3523 et
1295 3456 1432 3523 alterum
1444 3454 1496 3521 hu·

333 3592 471 3670 manum.
516 3571 560 3639 Et
586 3573 758 3641 humanum
786 3574 913 3658 quidem
940 3574 1112 3640 seeundum
1138 3573 1211 3639 iure
1235 3578 1268 3639 et
1287 3573 1496 3639 institutiones

333 3689 485 3757 humanas
513 3688 594 3756 solvi
622 3694 654 3756 et
682 3690 844 3757 immutari
869 3696 989 3776 potest,
1018 3695 1055 3756 ut
1079 3689 1241 3773 videlieet,
1268 3690 1324 3774 qui
1351 3689 1496 3757 haetenus

333 3810 441 3873 noster
468 3804 560 3873 homo
589 3810 622 3871 et
648 3810 799 3891 tanquam
826 3805 918 3872 miles
944 3826 1003 3892 por
1029 3805 1247 3890 hominagium
1269 3806 1391 3891 fuistis,
1418 3821 1496 3873 nuno

335 3922 479 3989 dominus
502 3926 534 3987 et
554 3926 645 4007 pater
667 3926 774 3988 noster
796 3920 866 3988 fieri
885 3922 1055 4008 incipiatis.
1089 3922 1135 3989 At
1156 3944 1231 3990 vero
1254 3928 1433 3990 nonumtus
1451 3920 1495 3986 ‹ii-

333 4038 400 4103 uini
422 4037 585 4105 conventio
603 4036 688 4105 umet
708 4039 743 4104 in
765 4043 938 4123 aeternnm,
959 4043 1090 4125 propter
1110 4038 1212 4124 iilum,
1235 4040 1290 4125 qui
1311 4040 1346 4105 in
1362 4040 1430 4124 lege
1443 4055 1495 4103 sua

334 4154 506 4239 mandevit,
528 4174 569 4222 ne
591 4172 787 4223 assumamus
808 4175 924 4223 nomen
946 4154 1014 4221 eine
1034 4155 1070 4221 in
1083 4151 1234 4240 uauum¹3
1256 4162 1387 4245 propter
1400 4155 1493 4234 iilum,

408 4318 429 4352 a.
449 4304 565 4353 Bremonsi
581 4323 601 4353 c.
663 4304 685 4351 b.
705 4306 745 4365 qni
760 4306 852 4353 0th

407 4401 431 4453 1.
450 4399 588 4455 Hartwioo
605 4400 626 4455 l.
698 4402 722 4457 2.
741 4401 923 4471 E10d.20,7.
