3117 4859
419 271 569 320 vinam
588 270 776 320 semrom
799 270 909 318 ro-se.
1189 255 1249 322 101

82 413 177 482 ilium
205 420 349 482 vesuum
369 413 541 482 liebertum
569 414 669 482 vitam
696 420 729 481 et
754 411 908 480 mmacula
935 412 1020 480 beati
1048 411 1419 482 confessoris·1131-1151

82 529 236 620 pontificis
259 538 294 599 et
315 531 438 600 abbafis
453 530 643 617 Forannani,
665 531 767 618 ipsius
790 550 855 598 non
874 529 1131 617 parvipendendo
1147 529 1251 598 studio

82 649 263 735 composita,
287 669 325 715 es
346 654 383 715 ut
403 648 495 715 nobis
518 649 587 735 ipse
609 646 720 714 retulit
740 647 925 732 intentione,
948 651 994 732 ut,
1017 647 1045 713 si
1068 667 1131 733 qua
1146 647 1251 714 minus

81 764 260 833 uterentur
282 765 457 852 composita
478 764 548 833 selb
563 762 731 853 superflua,
754 769 865 832 nostra
883 763 1024 851 parvitas
1040 763 1183 832 elimaret
1197 768 1252 831 aut

81 881 274 966 deueheret
303 887 336 948 et
360 883 476 949 totius⁰
499 879 719 968 corpusculum
741 881 846 968 operis
869 885 978 947 nostra
1000 881 1177 968 cooperatio
1199 901 1251 948 ro-

79 998 213 1065 boraret
248 998 338 1076 Quod
366 999 455 1086 operi
482 999 513 1066 si
538 997 751 1066 necessarium
776 996 966 1084 inspicerem
987 997 1071 1082 fore,
1100 1017 1180 1084 quae
1201 997 1251 1064 in-

79 1115 179 1182 iunxit
194 1119 229 1182 et
239 1135 296 1182 vos
309 1114 485 1200 iniungitis,
498 1114 628 1200 aggredi
637 1133 702 1182 non
716 1133 895 1182 recusarem
909 1113 1017 1202 plane;
1034 1114 1089 1181 sed
1105 1115 1179 1202 quia
1193 1135 1251 1204 per

79 1233 182 1298 omnia
203 1232 358 1318 probatur
378 1230 548 1317 laudabile,
571 1230 610 1298 de
631 1235 735 1298 cetero
757 1232 935 1319 praeceptis
958 1232 1072 1299 vestris
1088 1233 1180 1319 cupio
1195 1232 1250 1300 ob·

79 1354 271 1435 temperare,
299 1348 473 1418 sileborcs
494 1348 597 1414 nostri
618 1367 677 1434 pro
700 1347 847 1433 eeclesia,
871 1349 901 1414 si
921 1348 1011 1433 regni
1035 1347 1148 1434 quibus
1171 1349 1249 1418 obli·

77 1483 186 1548 gamur
214 1467 344 1550 negotis
369 1484 538 1553 prosperos
565 1465 703 1534 habeant
731 1465 834 1532 exitus
862 1469 894 1532 et
915 1466 1007 1533 nobis
1030 1465 1171 1552 aliquod,
1200 1487 1249 1534 se-

4 1588 6 1677 ῥ
77 1582 187 1668 positis
211 1582 307 1667 euris,
330 1581 498 1668 aliquando
516 1581 701 1668 indulgeant
715 1583 823 1650 onum.
893 1580 956 1650 Vos
971 1582 1101 1650 interim
1116 1603 1163 1668 eo,
1187 1603 1248 1670 quo

4 1690 6 1717 '
78 1698 234 1786 coepistis,
261 1698 366 1766 studio
387 1698 474 1766 beati
495 1699 683 1766 confessoris
704 1697 858 1766 miracula
880 1697 1106 1787 amplectimini
1129 1704 1161 1766 et
1183 1719 1249 1767 me-

3 1844 5 1895 :
77 1817 195 1884 nomae
221 1815 348 1884 tradere
375 1821 498 1899 curate;
533 1817 622 1902 quia,
650 1815 680 1882 si
706 1820 813 1883 vestra
841 1821 1021 1904 perseveret
1049 1816 1189 1902 devotio,
1220 1817 1248 1883 si

77 1933 215 2000 sudium
227 1953 294 2000 non
307 1930 498 2018 tumescat&
522 1933 550 1999 si
564 1932 676 2018 religio
691 1936 859 2017 accrescat,
882 1929 1142 2017 glorificationem
1165 1933 1248 2000 sacri

77 2051 217 2136 corporis
239 2049 347 2116 nuere
369 2050 529 2137 corporeis
551 2046 756 2116 merebuntur
777 2047 886 2134 oeulis,
910 2049 1024 2136 quibus
1041 2053 1165 2116 tantum
1179 2069 1246 2117 rna-

3 2246 4 2263 :
75 2166 189 2234 nilesta
223 2166 333 2233 datum
367 2171 416 2232 est
446 2166 555 2234 molere
588 2164 750 2233 miracula
790 2164 886 2251 (lujus
919 2167 1072 2254 temporis
1102 2165 1247 2234 felicitati

3 2362 5 2367 .
75 2288 182 2350 nostra
209 2283 332 2350 abnam
357 2282 511 2352 interesse
532 2287 690 2350 mereatur
711 2283 907 2370 praesentia,
936 2288 1047 2351 nostra
1068 2283 1246 2350 subservire

76 2401 230 2486 parvitas,
258 2404 291 2468 et
319 2419 480 2468 sacrorum
507 2399 649 2468 cinerum
677 2398 863 2484 glorificatio
891 2401 935 2468 sit
961 2405 1088 2468 nostrae
1110 2399 1184 2468 fidei
1206 2400 1246 2468 de

76 2537 128 2604 spe
154 2516 396 2584 resurrectionis
418 2515 629 2602 confirmatio,
659 2516 702 2583 sit
722 2517 758 2584 in
778 2517 940 2603 praesenti
962 2523 1103 2604 tempore
1126 2516 1165 2584 de
1186 2517 1245 2584 tri·

76 2632 286 2700 inlationibus
307 2634 425 2701 nostris
448 2633 630 2719 consolatio,
652 2633 693 2700 ae
715 2632 828 2700 exsilio
851 2634 892 2701 ad
912 2634 1061 2722 patriam,
1084 2633 1124 2701 de
1142 2637 1244 2700 morte

76 2749 114 2816 ad
134 2751 236 2818 vitam
257 2749 435 2818 uamlatio.
460 2812 471 2820 .

78 3042 135 3113 tl.
162 3045 323 3113 Wiboldas
343 3045 487 3111 Conrado
511 3044 567 3110 ΙΠ
581 3047 649 3133 repi
669 3045 848 3133 respondet,
871 3067 903 3111 ee
924 3045 1059 3113 oblatam
1086 3045 1241 3112 abbatiam
1259 3060 1330 3118 1146
1443 3039 1447 3048 ’

3 3166 5 3301 J
161 3163 373 3228 corbeiensem
401 3163 539 3248 occipere
565 3162 758 3228 dubitavisse.
804 3162 868 3228 Die
889 3163 911 3228 6
931 3163 1112 3229 Decembris
1140 3185 1172 3227 se
1198 3163 1243 3228 od
1259 3135 1316 3183 Μ’·

3 3308 5 3401 3
152 3301 231 3487 fiae:
253 3289 419 3459 Lmtrmm
451 3299 529 3363 esse,·
565 3301 625 3366 qao
655 3278 705 3343 die
732 3300 790 3344 reo
816 3279 870 3344 ubi
890 3278 1021 3368 sotanis
1047 3281 1099 3362 sit,
1122 3280 1242 3475 &rig

287 3417 345 3481 pr.
1169 3443 1177 3459 .
1217 3443 1225 3459 .

158 3525 234 3585 (Ilm
248 3527 346 3587 epistola
361 3527 453 3573 babetur
468 3543 538 3586 capre
551 3542 576 3586 ρ.
587 3523 634 3582 bb.)

548 3655 759 3671 ψ

77 3810 135 3882 22.
163 3815 323 3882 θοωαώιε
343 3813 400 3882 ΠΙ
414 3837 471 3880 rec
493 3813 668 3881 Wibcldom
688 3815 722 3880 io
748 3814 831 3880 diere
852 3813 874 3880 6
895 3814 1076 3882 Decembris
1096 3813 1237 3884 Frcrscc·
1257 3827 1327 3884 1146

153 3930 277 4020 aaa
298 3942 396 4012 sesa,
421 3931 806 3998 commeassem
826 3942 1029 4018 receptionem.
1121 3926 1175 4010 (rs.
1194 3927 1236 4012 r.)
1256 3902 1313 3950 Μ’·

159 4069 259 4137 (brier
273 4089 344 4134 mr·
355 4089 382 4133 r·
391 4068 439 4130 δι)
546 4081 550 4089 “

77 4323 254 4449 ώηλ.
300 4321 530 4381 b.st1‚vela.e.
577 4321 762 4370 ctetamw.
809 4319 1236 4384 ummteaipriprclecescst

193 4402 246 4450 edd.
