3117 4859
404 286 553 335 ιιιιιιιιιι
574 285 760 335 aaronem
782 284 861 333 eea—
869 286 922 333 ιιι.
1186 266 1250 333 207

81 446 133 495 cor
153 428 364 497 conbitomm
381 426 556 497 vivificetur
578 432 612 495 et
630 428 762 515 spiritus
782 428 972 500 merentium
985 426 1151 495 relevetur.
1185 426 1251 494 llos
1272 429 1342 485 1148

79 545 163 613 enirn
187 566 311 633 qnoque
332 546 527 613 iratemaet
549 544 728 613 amicabilia
749 545 790 612 de
812 544 902 611 vobis
924 564 1099 631 speramns.
1282 503 1331 551 ⁰⁰²

81 782 168 857 130.
193 786 263 854 Ode
283 790 379 855 ιιιιι
395 786 429 854 S.
448 789 585 875 Remigio·
597 789 758 853 Reraerrcio
774 786 916 853 Wr'bcldo
932 787 971 851 de
986 785 1145 874 Stephano
1162 808 1252 851 moa·

191 904 269 971 cede
293 906 343 979 die
365 904 409 971 14
430 928 471 969 m.
491 902 632 971 Octobris
651 914 773 969 mortuo
795 904 958 991 sipor'fiect.
1088 898 1144 983 (ll
1163 901 1252 983 110.)

166 1036 351 1105 Reverendo
376 1038 462 1126 patri
484 1042 517 1104 et
538 1037 639 1104 amico
657 1034 829 1119 Wlibaldo)
852 1035 914 1102 Dei
935 1036 1040 1120 gratia
1061 1034 1170 1102 Sancti
1191 1034 1252 1101 lte-
1270 1044 1341 1100 1148

74 1152 173 1219 macli
208 1152 381 1221 venerabili
414 1152 520 1221 abbati
550 1159 582 1221 et
609 1154 751 1221 eiusdem
780 1152 950 1220 aecclesiae
976 1152 1077 1240 priori
1104 1117 1331 1237 omnique⁰⁶²

74 1271 249 1338 conventui
270 1271 368 1338 irater
391 1270 485 1353 O(d0)
509 1270 619 1337 eadem
641 1271 745 1355 gratia
761 1268 853 1337 Beati
874 1264 1028 1353 ιιιιιιιιίἱΙ
1042 1267 1170 1335 humilis
1192 1268 1253 1333 mi·

73 1388 190 1472 nister,
213 1388 297 1455 sicut
318 1387 449 1455 cedrum
470 1385 585 1455 Libani
607 1386 844 1473 multiplicari
835 1407 870 1453 m
892 1386 985 1452 domo
1006 1385 1145 1453 Domini.

168 1503 252 1571 eum
267 1504 358 1571 nobis
373 1504 417 1571 sit
435 1503 609 1588 insolitum,
632 1504 771 1571 maxime
785 1502 937 1571 fratribus
952 1509 985 1570 et
1000 1503 1110 1569 amicis
1123 1502 1252 1585 nostris,

74 1619 207 1708 aliquod
235 1621 400 1688 sinistrum
422 1620 583 1688 insinuare
605 1619 656 1687 vel
678 1619 844 1705 mandere,
871 1625 995 1704 tamen,
1018 1620 1168 1706 quoniam
1189 1622 1253 1685 ter·

72 1738 182 1803 minos
205 1737 335 1804 Domini
361 1736 479 1805 nullius
508 1741 557 1804 est
581 1736 768 1821 terminare,
796 1736 1000 1822 mandemus,
1027 1736 1159 1803 ιιιιιιιι
1182 1733 1253 1801 Ste-

72 1853 232 1941 phanum,
254 1858 399 1921 nostrum
422 1854 610 1921 monachum
625 1858 657 1921 et
672 1859 823 1938 veebum
846 1853 1006 1920 bominem
1021 1853 1152 1937 exisse,
1175 1872 1253 1938 qna·

72 1971 164 2037 linus
194 1971 225 2037 ei
252 1971 334 2037 sicot
360 1975 393 2038 et
419 1990 477 2037 nos
506 1970 691 2057 obsequium
718 1969 906 2059 persolvatis
935 1976 967 2038 et
989 1970 1097 2037 domui
1118 1976 1252 2053 restrae,
1350 1991 1354 2001 ·

73 2108 136 2173 que
159 2106 248 2155 nunc
270 2092 355 2155 caret
369 2087 543 2175 provisore,
566 2086 605 2153 ds
619 2094 723 2153 cetero
738 2087 941 2175 provideatis.
976 2086 1163 2174 Depositum
1178 2105 1253 2153 uero

72 2202 176 2287 illius,
201 2202 285 2289 quod
306 2203 377 2291 ipso
400 2202 538 2271 dictante
561 2224 658 2291 supra
673 2209 783 2290 pectus
799 2205 866 2271 eius
881 2204 1036 2292 scriptum
1051 2210 1109 2290 ost,
1132 2204 1253 2271 inistis

72 2319 235 2406 plicatum
268 2318 383 2387 litteris
416 2320 505 2387 robis
535 2321 791 2387 transmittimus.
832 2320 952 2389 Valete.
1042 2320 1149 2388 Pridie
1178 2319 1253 2388 Idus

73 2436 226 2503 Octobris
260 2436 339 2505 obiit
367 2434 546 2524 Stephanus
580 2436 751 2504 monachus
784 2438 945 2526 professus
982 2436 1091 2505 Sancti
1116 2437 1253 2521 Remigii

71 2550 276 2620 Francorum
298 2552 442 2641 apostoli.

76 2765 170 2837 131.
193 2767 228 2835 S.
245 2768 414 2835 moeroebaa
429 2766 620 2835 Stodclearr'e
640 2769 782 2837 chldo
805 2770 970 2855 reposces
991 2770 1029 2835 de
1049 2768 1173 2835 Gods‘ao
1195 2768 1252 2833 eil·

192 2886 331 2951 lr'ectr'om'
352 2885 540 2972 imponendo
563 2896 592 2949 et
613 2885 652 2950 de
668 2886 835 2973 poenaque
857 2886 1023 2973 culpanda.
1091 2882 1145 2967 (Μ.
1165 2883 1251 2965 109.)

168 3017 306 3085 Domino
334 3023 367 3085 et
394 3017 481 3105 patri
508 3036 564 3083 suo
591 3016 760 3084 karissimo
782 3016 953 3100 Wlibaldo)
980 3017 1154 3085 venerabili
1180 3016 1341 3083 Sta-1148

71 3134 204 3203 bnlensi
221 3141 253 3201 et
268 3134 450 3202 corbeiensi
472 3133 579 3201 abbati
600 3134 699 3201 frater
714 3134 746 3201 S.
763 3134 825 3201 Dei
847 3141 879 3202 et
900 3154 959 3202 sua
979 3134 1198 3203 misericordia
1218 3134 1253 3200 id

72 3250 164 3339 qnod
186 3256 245 3336 est,
273 3250 469 3319 obedientiae
491 3250 727 3336 subiectionem,
751 3250 927 3318 dilectionis
950 3251 1158 3337 devotionem,
1182 3271 1252 3318 ora·

72 3370 203 3437 tionum
224 3368 501 3456 participationem
522 3372 564 3452 et,
587 3372 623 3433 ιι
645 3366 782 3436 breviter
800 3368 920 3436 dictum
935 3368 988 3453 sit,
1010 3390 1045 3435 se
1059 3370 1165 3457 ipsum
1180 3387 1253 3435 cum

72 3486 143 3553 suis
168 3484 324 3551 omnibns.

166 3599 309 3668 Litterae
336 3600 509 3669 humilitati
536 3620 625 3667 meae
653 3621 755 3688 nuper
782 3621 803 3667 a
829 3606 936 3668 vestra
963 3600 1181 3685 magnitudine
1203 3599 1251 3665 di-

72 3724 184 3786 reetae
212 3721 335 3783 tantm
361 3716 441 3783 mibi
467 3717 534 3783 vim
562 3722 594 3783 ιι
621 3717 785 3783 ιιιιιιιιι
812 3718 848 3783 in
875 3716 1012 3783 Domino
1040 3716 1250 3796 contulerunt,

71 3840 109 3903 ut
132 3834 277 3901 securius
298 3832 456 3901 ambulem
477 3834 681 3920 noverimque
703 3833 937 3921 proculdubio,
962 3852 1002 3900 ex
1014 3838 1092 3898 tunc
1104 3850 1156 3897 res
1171 3827 1250 3894 mibi

72 3950 262 4039 prosperius
296 3950 416 4017 cedere.
458 3948 520 4017 Pro
552 3951 664 4036 quibus
692 3951 811 4034 gratias
839 3955 965 4016 restrae
992 3945 1171 4015 celsitudini
1198 3961 1248 4008 re-

72 4067 193 4151 ferens,
215 4066 276 4135 hoc
290 4066 392 4133 solum
408 4065 511 4133 Deum
527 4066 774 4153 omnipotentem
789 4064 924 4152 supplex
939 4065 1083 4151 deposco,
1103 4056 1250 4125 attalem

74 4202 128 4252 me
150 4183 258 4251 iacere
279 4182 437 4268 dignetur,
459 4183 514 4269 qni
536 4186 641 4249 vestro
664 4183 869 4249 contubernio
891 4187 924 4248 ιι
944 4186 1011 4246 tam
1032 4175 1116 4242 dulci
1136 4170 1249 4239 erbor-

149 4332 170 4365 1.
192 4332 227 4365 nc
243 4334 262 4363 c.

148 4404 174 4459 1.
194 4402 347 4460 Remsmls.
