3117 4859
333 239 400 310 502
711 255 862 304 wmunuu
881 253 1047 304 unrsnous
1068 253 1123 302 eri.

230 405 301 462 1152
332 420 419 468 mere
447 397 498 468 vel
531 397 670 480 udicer03
705 397 920 484 unusquisque
952 396 1037 464 enim
1068 396 1103 464 in
1128 372 1311 464 succensu
1337 393 1493 465 ubuuth

211 479 567 600 muraneum,
591 514 740 601 quonium
759 534 811 582 sus
824 512 953 581 nulls
927 532 996 580 sme
1010 517 1192 600 preceptore
1204 531 1308 600 usque
1322 513 1366 580 sd
1379 513 1497 602 plmun

331 653 437 702 rerum
452 631 673 700 certitudinem
684 631 819 719 cupitur,
833 629 1088 714 hcetbenuguum
1098 633 1208 716 pectus
1218 631 1499 700 serumserum

332 755 364 818 et
386 748 565 837 eloquentis
584 767 649 816 uon
671 747 844 832 deseretur,
866 750 976 814 nostre
989 752 1096 814 tumen
1109 747 1277 816 uerborum
1290 743 1499 832 liniam,

332 887 412 956 quse
440 863 669 934 disertitudinis
696 869 822 934 vestrm
847 865 990 952 picturus
1016 863 1260 949 mbstuorimus,
1294 863 1389 932 nullo
1415 868 1501 932 emt

331 983 497 1053 fecundius
519 986 703 1051 ernsmeuto
725 980 852 1070 penitus
874 979 1093 1049 oblitterunde

421 1099 600 1187 Siquidem,
633 1117 706 1166 cum
738 1118 798 1166 nos
833 1097 935 1166 adhuc
959 1098 1089 1165 iuuenes
1115 1096 1235 1164 curium
1261 1096 1502 1166 intreuissm

333 1221 405 1286 ente
428 1236 527 1284 eunus
549 1235 675 1283 sursum
689 1235 816 1284 uersum
837 1212 910 1302 plus
931 1215 1074 1281 minusve
1093 1207 1253 1298 trigintc⁸,
1274 1214 1503 1282 invenimusiu

332 1333 518 1421 quibusdum
534 1332 611 1399 uiris
634 1332 831 1418 pumuntur
853 1329 1075 1419 imperatoriae
1094 1328 1269 1398 maiestatis
1290 1330 1450 1418 reliqum
1467 1331 1503 1400 de

332 1449 536 1519 contubernio
552 1454 584 1517 st
598 1447 766 1536 discipline
779 1447 980 1535 imperotoris
994 1445 1136 1514 Heinrici
1150 1447 1282 1514 senioris
1288 1443 1313 1532 ⁴,
1329 1447 1388 1534 qui
1402 1448 1503 1534 uerte

332 1587 413 1656 quse
435 1567 476 1634 cd
498 1566 648 1633 domnum
670 1585 789 1654 popum
810 1569 844 1632 et
864 1564 905 1631 ud
920 1562 1039 1631 Urbem
1053 1562 1093 1630 ub
1107 1563 1300 1650 imperatore
1314 1563 1503 1650 unimur,

331 1689 483 1771 tunquam
506 1701 646 1770 uppeusu
667 1687 699 1750 et
721 1681 864 1748 dimensa
883 1679 1066 1748 memoriter
1085 1677 1273 1765 retinebuut,
1294 1700 1406 1768 neque
1419 1681 1504 1750 noris

331 1799 540 1886 legationibus
554 1798 716 1866 immutari
730 1795 780 1865 uel
800 1797 821 1864 t
840 1796 971 1864 rudibus
990 1796 1102 1881 legetis
1117 1793 1246 1863 ultenri
1258 1798 1503 1884 permittebsnt3

332 1935 373 1985 ue
394 1915 541 1984 uidelicet
562 1915 711 1983 maiestas
733 1913 861 2001 imperii
882 1918 915 1981 et
935 1911 1013 1980 ordo
1034 1911 1220 2000 discplim
1240 1913 1466 1982 obsolesceret.

422 2031 465 2100 Et
487 2032 527 2099 ed
543 2030 812 2120 compunctionem
827 2029 955 2117 quidem
968 2028 1103 2096 uliorum
1116 2049 1236 2115 regum,
1258 2029 1416 2099 uidelicet
1427 2031 1504 2099 Genu·

334 2147 616 2238 stantiuopolitoni,
638 2145 848 2233 Umerorum,
871 2146 1043 2232 Duuorum,
1065 2145 1352 2232 Nortbuegburum
1375 2153 1413 2216 et
1433 2147 1505 2216 elio

333 2287 404 2336 rum
426 2271 493 2334 tem
514 2265 720 2334 barbarorum
744 2281 840 2351 quern
861 2260 1062 2349 Latinorum,
1089 2264 1191 2330 nostri
1211 2260 1390 2352 principis⁸
1413 2266 1506 2334 umbe

334 2381 467 2451 humilis
489 2387 571 2450 suut
605 2380 649 2450 Et
672 2380 780 2450 subtili
802 2379 1009 2468 cppendiculo
1035 2380 1223 2466 cauendum,
1249 2399 1292 2448 ne
1318 2381 1411 2449 inter
1431 2383 1505 2450 durs

334 2505 367 2570 et
387 2499 548 2568 interdum
572 2498 760 2565 dissidentes
789 2501 977 2585 potestates,
1006 2495 1119 2582 quibus
1140 2495 1214 2565 fidei
1234 2496 1363 2565 vinculo
1387 2497 1505 2584 utliguti

335 2635 454 2702 sumus,
482 2615 671 2684 sinceritatis
694 2618 822 2682 nostrae
843 2598 1063 2682 rectitudinem
1084 2609 1150 2679 ullo
1171 2613 1296 2681 dicendi
1317 2613 1373 2683 uel
1396 2615 1505 2702 egendi

243 2741 248 2748 '
333 2733 428 2802 modo
451 2733 711 2820 distorqueamus.

422 2847 572 2918 Reddetis
593 2847 697 2934 nobis,
719 2867 792 2915 oum
806 2845 874 2915 Deo
890 2845 1023 2915 ducente
1035 2864 1222 2935 prosperum
1236 2845 1376 2914 reditum
1391 2847 1504 2917 bebue

334 2966 418 3053 ritis,
441 2965 537 3034 studii
558 2966 659 3032 nostri
681 2965 793 3051 vicem,
817 2966 856 3033 de
878 2963 1040 3032 ulucritcte
1061 2968 1191 3030 euentus
1211 2962 1309 3031 vesci
1330 2985 1394 3032 nos
1418 2967 1505 3035 certi

335 3081 430 3150 ficere
457 3103 521 3150 non
551 3081 740 3165 abnuentes,
769 3081 859 3169 quis,
887 3081 962 3149 licet
990 3078 1092 3147 officio
1119 3084 1152 3147 et
1177 3079 1331 3166 dignitate
1356 3084 1505 3170 pressim,
1557 3062 1558 3155 i

337 3200 484 3268 comitate
505 3203 612 3268 omen
633 3217 692 3288 per
716 3208 801 3266 esse·
822 3217 888 3264 non
909 3195 1162 3282 dedignabimini.

427 3314 462 3382 Si
485 3315 621 3383 scribere
647 3313 802 3403 placuerit
828 3313 945 3404 populo
967 3311 1122 3400 Romano,
1150 3312 1233 3400 quod
1258 3312 1353 3381 nobis
1383 3317 1505 3402 quiden

337 3430 552 3499 faciendum
542 3453 576 3499 m
603 3431 662 3500 hoo
690 3430 822 3500 articulo
850 3429 1021 3520 plurimum
1049 3429 1190 3517 uidetur,
1223 3431 1344 3519 poterit
1373 3434 1505 3502 eruditio

337 3552 444 3617 vestre
464 3548 513 3616 uti
533 3547 649 3616 litteris
671 3549 797 3635 uestris,
820 3569 901 3637 quse
918 3549 959 3616 sd
973 3548 1124 3616 domnum
1136 3567 1254 3636 popum
1268 3548 1414 3637 scriptae
1428 3556 1505 3634 sunt

338 3663 457 3734 eisdem
478 3665 518 3733 de
540 3665 695 3734 similibus
716 3665 821 3733 uerbis
845 3685 882 3734 ec
904 3663 1085 3752 sententiis,
1107 3665 1218 3753 paucis
1240 3663 1434 3755 udmodum,
1455 3687 1506 3757 pru

337 3802 543 3873 personarum
565 3782 717 3852 uerietede
738 3783 879 3851 mutatis.

410 3956 627 4101 [msice.
697 4027 1067 4099 inconcussus
1138 4027 1503 4088 senensem
1556 4000 1557 4037 ³

339 4120 366 4178 4.
384 4118 507 4177 Heinriei
524 4117 573 4177 1v.
642 4117 670 4174 b.
687 4117 821 4176 Friderici
838 4117 853 4173 1
870 4117 954 4189 regis.

817 4317 1027 4332 ψ
