3117 4859
434 315 584 364 wmmmr
604 315 770 364 semrom
791 315 846 362 aaa
1156 301 1224 370 453

47 457 141 524 modi
162 456 299 524 suboriri
318 455 430 542 solent
453 461 485 524 ct
505 455 698 545 direptiones
716 477 825 524 rarum
839 457 1142 526 aecclesiasticarum
1154 451 1224 528 bari
1244 465 1312 520 1111

48 573 239 641 auctoritate
259 578 369 640 noema
389 573 602 661 prohibentes.
632 571 853 641 llandauimus
868 574 966 642 etiam
980 574 1122 642 eiusdem
1135 576 1224 644 urbis
1244 540 1310 587 Μ
1439 549 1447 562 ’

47 690 137 758 clero
158 689 319 758 honoratis
342 693 375 758 at
395 689 524 777 populo,
546 694 583 757 ut
604 689 756 777 depositis
778 692 920 777 partium
938 691 1052 759 studiis
1072 711 1142 760 sesa
1162 691 1225 760 ele-

48 797 150 874 ctioni
175 805 301 874 futurae
327 807 363 872 in
390 805 505 894 spiritu
533 806 718 874 concordiae
744 811 776 874 et
797 806 986 874 humilitatis
1007 815 1225 896 prepararent,

46 943 108 989 nec
123 922 188 989 tale
203 921 322 1010 aliquid
337 923 538 990 animositate
552 923 693 1023 cenandi
707 923 950 1008 committerent,
969 923 1004 991 in
1019 945 1081 1011 quo
1094 925 1225 994 libertas

47 1039 213 1108 electionis
236 1039 405 1106 canonicae
426 1038 477 1105 ius
498 1038 654 1106 libertatis
670 1039 816 1107 amittere
829 1041 1076 1107 convinceretur.
1106 1041 1225 1110 Varum

47 1157 124 1244 ipsi,
146 1155 326 1224 libertatem
340 1155 505 1243 pictatist
527 1154 670 1243 patribus
693 1149 849 1224 badultam
870 1158 905 1223 in
919 1155 1063 1224 velamen
1078 1158 1224 1227 maliciae

47 1277 264 1357 assumentes,
293 1270 540 1340 dissensionibus
569 1276 601 1338 et
629 1271 800 1340 ambitione
824 1293 893 1341 rem
915 1278 1016 1340 mtam
1037 1275 1224 1361 perturbare

47 1393 203 1476 oeperunt
223 1395 256 1456 ct
277 1389 370 1474 longo
392 1393 535 1475 tempore
557 1392 679 1455 taum
696 1391 862 1476 potestatis
875 1394 943 1457 tam
956 1390 992 1456 iu
1005 1390 1224 1477 spiritualibus

47 1525 145 1592 quam
167 1505 202 1572 in
224 1505 417 1572 secularibus
431 1504 524 1572 rebus
539 1504 789 1589 magnitudinem
804 1507 923 1592 absque
935 1511 1059 1574 rectora
1072 1505 1224 1575 fluctuare

46 1623 271 1710 permiserunt
302 1621 450 1689 Ceterum
465 1620 507 1688 ad
523 1622 664 1688 animum
684 1621 821 1708 rediens,
841 1623 972 1690 maioris
987 1623 1224 1712 adsumpta

46 1738 172 1826 positus
200 1743 232 1806 st
260 1738 401 1806 eiusdem
426 1737 576 1805 eeclesiae
597 1736 732 1805 decanus
755 1757 828 1805 cum
849 1737 971 1825 reliquo
993 1738 1077 1807 clero
1099 1745 1132 1807 et
1152 1741 1224 1808 uni·

47 1856 149 1923 versis
171 1855 330 1924 nobilibus
352 1855 494 1921 unanimi
516 1873 670 1921 consensu
691 1855 725 1922 in
746 1853 896 1921 domnum
911 1853 1150 1943 Herimaunum,
1173 1877 1224 1925 ec·

47 1971 163 2039 clasiae
186 1971 289 2039 sancti
304 1969 456 2039 Gereonio
477 1971 513 2036 in
527 1969 657 2038 Colonia
677 1971 885 2059 prepositum
907 1970 1012 2039 rmum
1034 1971 1155 2041 scilicet
1174 1975 1224 2041 in-

47 2094 158 2174 tegrae
186 2089 270 2156 ritae
298 2093 331 2156 at
356 2087 482 2174 probati
509 2086 700 2172 testimonii,
732 2092 954 2155 conuenerunt
1006 2087 1064 2157 Set
1095 2090 1224 2176 quidam

47 2204 271 2273 ministeriales
300 2203 442 2272 eiusdem
470 2203 636 2289 ccclesiae,
667 2203 805 2270 tumultu
828 2205 912 2272 tacto
935 2205 1094 2292 armisque
1115 2206 1223 2294 illatis,

48 2328 218 2408 coegerunt
240 2320 393 2408 quosdam
414 2320 453 2387 de
476 2319 584 2387 eodem
608 2319 691 2388 clero
714 2320 918 2389 denominare
939 2326 973 2388 et
993 2321 1224 2408 quodammodo

49 2439 165 2524 eligere
187 2437 398 2506 Fritberioum
420 2437 616 2524 prepositum
640 2438 741 2505 saneti
759 2435 888 2521 Georgii
908 2437 943 2503 in
958 2437 1099 2525 Gelonis,
1121 2439 1223 2506 homi·

48 2575 119 2624 nem
133 2554 284 2624 videlicet
304 2555 389 2622 infra
410 2558 547 2622 aetatm
569 2558 602 2620 et
623 2554 759 2638 ordines,
783 2553 871 2620 euius
886 2553 1068 2638 ignoraret
1084 2555 1224 2624 fautores

48 2672 150 2759 ipsium
174 2672 214 2738 ad
231 2671 467 2740 subversionem
483 2667 633 2738 eeclesiae
655 2669 869 2736 abuterentur.
954 2669 1020 2736 Nos
1041 2671 1159 2758 itaque,
1183 2672 1223 2740 de

48 2793 157 2856 hetae
179 2787 327 2856 ecelesiae
349 2787 443 2854 ruina
464 2785 682 2873 compassione
704 2784 851 2852 clementi
873 2785 1084 2872 condolentes,
1106 2786 1222 2856 iterato
1356 2772 1364 2793 ⁸

47 2906 193 2972 misimus
228 2905 273 2972 cis
303 2924 376 2971 cum
403 2903 562 2990 preceptis
589 2901 748 2988 regalibus
774 2900 910 2986 legatos,
943 2902 1137 2990 imperantes
1165 2905 1221 2991 cis,

47 3021 196 3108 quatinus
215 3021 301 3088 omni
316 3019 478 3086 occasione
491 3019 670 3107 postposita
683 3019 844 3086 mediante
858 3018 1098 3105 quadragesima
1107 3016 1124 3106 ¹,
1141 3041 1222 3107 quae

47 3141 209 3206 transacta
230 3142 294 3222 est,
320 3141 429 3204 nostro
452 3156 522 3204 sese
543 3137 726 3225 conspectui
747 3121 976 3225 presentarent,
999 3139 1159 3226 accepturi
1181 3159 1222 3206 ex

47 3256 134 3340 rapo
157 3275 246 3322 more
268 3255 504 3322 contentionum
525 3251 621 3322 finem
644 3259 675 3322 et
696 3253 785 3321 urbis
800 3271 876 3320 suaa
890 3251 1064 3339 dommum,
1087 3255 1142 3341 qai
1154 3275 1221 3323 me-

46 3369 178 3440 lioribus
201 3369 359 3456 suffragiis
381 3371 552 3438 iuvaretur.
597 3367 694 3437 Venit
714 3369 821 3457 itaque
843 3368 986 3456 prefatus
1008 3369 1221 3441 Herimannus

49 3488 86 3556 ad
106 3489 318 3578 presentiam·
333 3491 476 3555 nostram
498 3506 569 3554 cum
592 3485 657 3553 suis
673 3485 871 3554 electoribus.
904 3484 961 3554 Set
975 3485 1034 3572 illi,
1056 3489 1112 3574 qui
1132 3489 1220 3556 iure

48 3624 118 3674 narn
134 3605 305 3690 elegeraut,
327 3603 508 3672 iuveniliter
526 3607 654 3688 agerdm
675 3622 778 3689 neque
792 3608 948 3689 venerunt
968 3624 1071 3692 nequa
1092 3605 1220 3672 canoni·

48 3739 113 3788 cam
139 3721 373 3788 excusationem
396 3741 452 3788 seu
473 3719 648 3804 legitimam
662 3719 923 3802 transmiserunt3
946 3721 1009 3787 nisi
1031 3720 1220 3808 quodpatar

48 3838 181 3924 predicti
195 3835 388 3920 F(ritherici)
406 3836 571 3924 prepositi,
596 3854 700 3902 cemes
722 3834 869 3903 uidelicet
889 3831 1078 3921 A(dolius)',
1101 3836 1219 3922 absque

49 3953 247 4022 attestatione
270 3952 347 4021 clari
369 3957 402 4021 et
422 3951 533 4041 populi
555 3955 587 4018 et
608 3952 705 4055 certis
721 3971 779 4039 per
794 3951 945 4041 epistolas
959 3951 1117 4018 mandatis
1131 3952 1219 4018 uenit

50 4074 80 4136 st
98 4071 261 4156 negotium
277 4068 398 4138 differri
411 4067 592 4157 postularit.
625 4067 740 4136 Verum
758 4087 827 4154 nos,
843 4067 983 4136 adhibito
998 4067 1219 4155 spiscopcmm

117 4219 139 4252 Ι..
159 4207 195 4253 sic
209 4223 238 4252 a:
253 4203 364 4266 probam
379 4213 500 4252 morata!
516 4213 550 4251 eat
565 4206 588 4250 r's
604 4203 657 4250 cod.

116 4292 142 4348 l.
160 4291 180 4346 i.
193 4306 218 4348 a.
230 4291 369 4348 dominica
385 4289 549 4363 „Lactarc“,
568 4290 602 4346 18
614 4289 694 4346 llart.
707 4287 786 4344 1151.
812 4287 892 4343 lianc
904 4287 1009 4342 curiam
1019 4285 1218 4358 Nuraubergaa

49 4375 169 4437 habitam
187 4395 257 4450 esse,
276 4379 359 4437 decet
369 4379 434 4437 Otto
445 4379 566 4450 Frising.
583 4377 650 4435 Vita
661 4375 803 4446 Fridarioi,
821 4375 884 4432 1.1.
898 4375 978 4431 (161.
1049 4377 1075 4431 1.
1094 4375 1130 4432 de
1141 4375 1217 4434 liuo-

50 4468 116 4528 rale.
135 4469 170 4527 V.
182 4469 285 4526 anun.
297 4469 436 4542 Egmuud.
449 4469 520 4527 1150
537 4469 621 4540 (llam
633 4467 727 4526 Germ.
739 4465 790 4524 SS.
800 4465 876 4523 XVL
889 4465 963 4533 456).
