3117 4859
299 246 345 314 94
689 263 839 314 wmermr
859 263 1025 314 memnona
1045 263 1082 311 nr.

212 429 282 486 1137
300 405 527 475 coronareris.
565 404 649 474 Nam
671 407 742 493 quis
763 406 845 474 tanti
866 406 928 474 viri
949 405 1200 474 tamdiamtatem
1221 409 1366 492 spernat,
1390 401 1465 472 adu·

225 503 276 551 ⁰⁰2
300 523 456 592 eneam
476 527 672 608 onoma,
695 523 885 591 noemam
907 524 1028 609 neree
1067 523 1150 592 uam
1171 527 1209 590 ut
1230 521 1375 590 omrem
1397 539 1465 588 ae·

299 645 370 708 tera
382 640 524 708 maxima
538 644 571 708 et
585 640 713 726 egregia
722 640 821 707 vestri
835 640 954 724 ingenii
968 641 1164 708 monimenta
1176 638 1324 724 insignio,
1339 642 1465 707 cunctos

299 757 518 844 praecellentis
540 756 674 824 Romani
701 756 829 844 imperii
857 757 1016 844 sapientes
1040 755 1185 824 Tulliana
1212 756 1392 843 eloquentia
1416 776 1467 823 su·

299 895 393 962 peras
416 879 449 941 et
471 880 704 942 antecessorum
726 879 903 942 vestrorum
925 874 1047 959 largam
1062 871 1308 942 munificentiam
1324 873 1467 942 omnibns

299 991 386 1058 horis
407 991 637 1077 momentisque
659 991 833 1079 praecellis.

389 1105 510 1193 Tantis,
532 1110 672 1194 inquam,
695 1114 728 1176 et
749 1108 866 1176 talibus
889 1127 945 1174 ros
968 1126 1098 1174 cernens
1121 1107 1215 1174 sertis
1238 1108 1422 1176 redimitum
1440 1112 1470 1174 et

299 1223 416 1292 laureis
438 1225 635 1310 decoratum,
658 1225 857 1292 itinerarium
881 1224 920 1291 de
941 1223 1018 1291 locis
1041 1225 1170 1310 sanctis,
1193 1245 1213 1290 a
1234 1225 1324 1293 nobis
1347 1231 1469 1293 utcum-

301 1363 363 1428 qne
389 1346 556 1409 exaratum
583 1348 616 1409 et
642 1363 683 1409 en
711 1341 855 1410 omnibns
884 1345 920 1408 ut
953 1341 1001 1408 ita
1028 1340 1132 1410 dicam
1158 1339 1248 1410 libris
1276 1341 1443 1410 collectum
1451 1335 1469 1426 ¹,

300 1463 424 1527 uestrae
446 1459 632 1547 paternitati
654 1459 812 1527 destinare
836 1457 958 1544 curari,
988 1478 1137 1545 poscens,
1165 1457 1200 1526 id
1222 1478 1242 1524 a
1263 1463 1371 1526 restra
1393 1458 1470 1526 emi-

300 1575 410 1643 nentia
429 1575 581 1643 roborari.
617 1576 655 1644 In
677 1597 738 1663 quo
760 1597 837 1662 rogo
859 1597 924 1643 non
945 1575 1094 1644 dictantis
1116 1575 1276 1662 ignaviam
1299 1575 1355 1643 sed
1369 1579 1470 1643 matc-

300 1693 383 1759 riam
405 1692 576 1761 attendatis
597 1692 775 1760 utillimam.
820 1693 887 1762 Nec
907 1693 982 1761 novi
1003 1713 1061 1760 ros
1091 1695 1124 1760 et
1144 1693 1297 1779 incogniti
1318 1691 1470 1762 haetenus

301 1808 420 1896 aliquid
441 1810 476 1877 in
496 1809 557 1877 hoc
577 1810 741 1878 itinerario
762 1810 960 1896 ediscituros,
983 1810 1039 1878 sed
1060 1828 1109 1894 eo,
1132 1829 1213 1897 quae
1226 1809 1292 1877 iam
1306 1810 1381 1876 vira
1396 1829 1471 1878 voce

300 1925 364 1993 illis
385 1926 609 2011 referentibus,
638 1929 694 2013 qui
715 1927 757 1994 ad
778 1927 980 2015 sepolchrmn
1001 1927 1131 1994 Domini
1152 1932 1375 2015 porrexerunt,
1406 1925 1470 1996 cdi·

301 2041 422 2111 dicistis
443 2043 495 2112 rel
516 2065 555 2113 ea
577 2064 657 2131 quae
678 2063 738 2131 per
757 2043 920 2112 uolumina
939 2045 1065 2112 diversa
1083 2044 1237 2112 librorum
1256 2044 1390 2132 legistis,
1414 2063 1470 2112 nos

301 2159 353 2227 bic
374 2161 526 2229 noveritis
548 2160 720 2246 collegisse.

391 2276 477 2357 Quae
500 2282 606 2345 autem
627 2276 862 2344 indeclinabilia
883 2283 915 2344 et
936 2277 1338 2365 immania'impedimenta
1360 2297 1381 2342 a
1400 2297 1471 2364 per·

302 2393 373 2462 fidis
396 2398 429 2461 et
449 2392 602 2479 scelestis,
624 2399 758 2480 utroquo
780 2415 863 2479 genn
886 2393 1144 2480 claudicantibus,
1167 2394 1257 2462 nobis
1280 2393 1471 2479 obstiterint,

301 2531 365 2578 non
379 2511 446 2578 iam
459 2510 573 2596 Deum,
595 2531 706 2578 rerum
720 2531 777 2578 ros
799 2512 885 2598 ipsos
908 2512 1060 2597 conscios,
1083 2531 1139 2577 vos
1153 2511 1239 2598 ipsos
1254 2509 1362 2578 fideles
1377 2511 1472 2578 corde

302 2627 505 2695 clamaverim
526 2633 634 2696 testes.
669 2627 818 2695 Ceterum
833 2626 873 2693 ad
888 2627 1049 2696 tantillum
1064 2627 1169 2716 spatii,
1193 2627 1277 2714 quod
1292 2648 1309 2694 e
1324 2626 1472 2712 largitate

302 2744 428 2812 divinae
449 2743 664 2829 indulgentiae
682 2743 830 2812 relictum
845 2749 903 2829 est,
925 2744 1012 2812 istud
1026 2743 1211 2832 opusculum
1226 2743 1354 2811 coelesti
1367 2745 1472 2812 muni·

201 2847 205 2857 ’
301 2859 429 2929 ficentia
450 2861 549 2944 odidi3
573 2859 731 2928 conlidens
753 2860 958 2929 nihilominus
982 2862 1020 2929 de
1035 2862 1113 2946 Deo,
1137 2861 1176 2928 de
1198 2861 1315 2929 nostris
1339 2859 1471 2929 aemulis

303 2978 489 3064 quandoque
511 2978 602 3046 nobis
624 2978 791 3046 victoriam
813 2977 1009 3046 collaturum.
1046 2977 1134 3046 Sicut
1155 2979 1239 3045 enim
1258 2997 1424 3064 nunquam
1437 2977 1472 3044 lit

303 3114 382 3180 opus
404 3094 555 3178 solidum,
585 3096 613 3161 si
635 3094 751 3161 artifex
773 3094 894 3179 omnia,
924 3099 1019 3181 prout
1040 3095 1123 3162 ratio
1144 3094 1263 3184 poscit,
1285 3115 1349 3162 non
1372 3099 1470 3183 aptet,

302 3210 350 3278 sic
372 3211 474 3277 omnis
488 3191 625 3298 scriptor
638 3231 771 3278 manans
786 3210 975 3278 multimoda
986 3210 1187 3297 verbositate,
1208 3209 1330 3279 nullam
1344 3211 1477 3280 habebit

303 3325 476 3394 ualentiam
507 3326 620 3394 edendi
648 3329 837 3414 scripturam
866 3327 1030 3396 dulcedine
1057 3329 1186 3413 fertum,
1219 3333 1316 3416 prout
1344 3327 1471 3397 Oratius

220 3429 225 3444 ’
304 3443 541 3512 strenuissimus
564 3448 672 3512 orator
692 3445 728 3511 in
749 3444 878 3531 scriptis
901 3445 966 3512 suis
988 3445 1117 3532 reliquit
1139 3445 1261 3512 dicens:

467 3561 567 3629 Omne
588 3560 663 3628 tulit
684 3566 847 3649 punctum,
872 3561 926 3648 qni
947 3561 1075 3628 miscuit
1096 3561 1174 3629 utile
1197 3557 1308 3648 dulci¹,

304 3677 523 3766 sipostqnam
545 3678 682 3747 scribere
704 3682 845 3763 conetm,
867 3678 1034 3777 materiam
1056 3697 1120 3747 non
1139 3678 1281 3748 rimetur.
1315 3675 1384 3746 lam
1398 3697 1471 3746 roro

304 3793 430 3862 Obristo
453 3795 579 3882 auspice
601 3795 695 3862 huius
716 3795 852 3882 proemii
873 3795 935 3863 iste
957 3797 1000 3864 sit
1020 3795 1102 3863 linis.

290 4039 294 4049 Ι
376 3975 401 4029 1.
424 3971 485 4028 Hoc
508 3971 583 4027 Petri
605 3971 715 4028 diaconi
742 3973 906 4043 opusculum
933 3989 969 4030 ex
997 3971 1093 4030 codice
1114 3971 1258 4030 Casineosi
1283 3971 1371 4028 edidit
1393 3972 1471 4030 Tosti

303 4059 396 4121 Storla
411 4062 442 4117 di
458 4061 551 4117 llonte
569 4059 670 4118 casino
687 4060 724 4118 11.
744 4063 891 4118 121-139.
964 4063 990 4118 2.
1008 4061 1075 4119 Hor.
1093 4062 1129 4118 dc
1146 4065 1205 4119 arta
1222 4067 1297 4132 poet.
1315 4061 1378 4119 343.
