3117 4859
339 257 407 328 482
719 273 870 324 vunnim
890 271 1056 324 mu
1079 273 1134 321 see.
1197 295 1203 314 .

252 433 322 488 11⁶2
340 419 409 488 viro
430 417 795 502 dominicatorum,
818 420 892 505 post
905 416 1090 501 diligentem
1105 415 1371 483 examinationem
1384 419 1476 480 tudda

253 507 323 554 Μ
338 534 476 602 Domino
496 541 600 602 ratam
621 532 785 620 habenta
807 533 1075 621 cumplurimum
1096 533 1290 600 renitentem
1304 533 1479 598 nostristan

339 671 435 738 quam
456 651 541 720 beati
561 650 650 718 Petri
671 651 817 719 manibus
838 656 992 737 preeunte
1013 651 1115 718 saneti
1138 649 1278 736 Spiritus
1302 649 1399 734 gretie
1415 647 1480 714 robis

337 767 372 834 in
388 767 660 855 archiepiscopum
674 767 936 851 consecravimus,
960 772 993 834 ot
1013 768 1098 834 inter
1119 766 1235 832 fratres
1256 771 1390 848 nostros,
1409 763 1482 830 donee

337 884 422 954 circa
435 903 493 953 nos
508 883 609 951 voluit
622 883 820 967 commorari,
835 903 945 950 curum
960 883 1137 968 habuimus,
1151 883 1284 950 honeste
1299 879 1483 960 munus

337 1005 370 1070 et
388 999 524 1088 pellium
546 1000 618 1085 sibi,
641 999 870 1088 plenitudinem
892 999 1013 1067 scilicet
1034 997 1224 1087 pontificalis
1246 997 1356 1082 officii,
1378 1017 1412 1064 au
1430 1015 1484 1062 eon

337 1121 429 1184 sueta
454 1117 539 1185 sedis
562 1116 752 1204 apostolicae
774 1116 969 1200 benignitate
990 1115 1188 1184 contulimus.
1235 1114 1347 1202 lpsnm
1368 1133 1434 1198 ergo
1449 1113 1485 1177 iu

335 1232 403 1300 fula
423 1231 614 1320 pontificalis
636 1233 733 1302 officii
753 1231 950 1317 dommum,
975 1232 1016 1300 ud
1038 1230 1202 1300 ecclesiam
1224 1251 1320 1299 suam
1342 1236 1373 1298 et
1393 1229 1429 1296 ed
1445 1247 1485 1294 rou

336 1368 410 1418 oum
430 1351 535 1435 graba
555 1355 684 1418 sanctae
704 1349 866 1418 Romanae
887 1348 1056 1418 aecclesiae
1079 1354 1112 1416 et
1132 1349 1313 1416 litterarum
1335 1351 1486 1414 nostrarum

335 1467 565 1553 prosecutione,
588 1468 758 1536 comitante
779 1466 927 1550 Domino,
948 1465 1143 1550 redeuntem,
1166 1465 1370 1532 universitati
1389 1467 1488 1530 rmus

337 1581 485 1650 duximus
507 1583 659 1650 attentius
682 1581 975 1651 commendandum.
1013 1581 1075 1650 Per
1098 1581 1272 1670 apostolica
1294 1581 1401 1667 itaque
1420 1577 1487 1644 uobis

331 1699 457 1786 ‘scripta
484 1699 686 1784 mandamus,
713 1700 861 1787 quatinus
889 1719 961 1766 cum
989 1699 1124 1784 benigno
1151 1717 1188 1764 ec
1209 1703 1392 1765 reverenter
1412 1695 1488 1762 ruod

337 1814 435 1902 piatis
462 1821 496 1882 et
521 1816 568 1900 ei,
595 1821 760 1902 tamquam
787 1814 906 1884 Christi
927 1815 1044 1884 vicario
1074 1821 1106 1883 et
1135 1814 1316 1882 animarum
1339 1819 1490 1881 rosunum

336 1932 469 2018 pastori,
492 1930 643 2000 honorem
664 1932 805 2000 debitum
828 1951 865 2000 ac
886 1932 1096 2000 reverentiam
1117 1936 1150 1998 et
1163 1930 1397 1999 oboedientiam
1409 1927 1490 1994 bumi-

337 2046 411 2116 bter
432 2047 597 2115 deferatis:
620 2048 768 2134 quatinus
783 2068 842 2136 per
862 2049 962 2136 ipsius
985 2048 1163 2116 doctrinam
1180 2053 1212 2115 et
1226 2045 1418 2135 pastorale·
1431 2042 1491 2128 vigl-

337 2163 470 2232 lautiam
492 2163 627 2232 sulutem
646 2164 683 2230 in
705 2164 794 2232 vobis
817 2165 1039 2252 omnipotentis
1062 2164 1123 2232 Dei
1145 2164 1248 2248 gratia
1270 2169 1433 2250 operetur,
1454 2177 1491 2226 eo

338 2279 435 2350 oleeiu
455 2286 577 2366 rara,
607 2300 687 2366 quae
714 2285 782 2348 tam
809 2281 843 2348 in
872 2281 1089 2370 spiritualibus
1112 2299 1207 2367 quam
1228 2280 1262 2348 iu
1284 2277 1491 2367 temporalibus

337 2397 431 2468 valde
457 2397 568 2466 attritu
590 2402 654 2482 cst,
683 2396 725 2465 ad
746 2397 938 2482 integritatis
961 2418 1036 2465 suae
1059 2402 1177 2464 statum
1198 2395 1337 2463 Domino
1360 2395 1492 2480 largiente

337 2519 499 2598 resurgat,
527 2519 561 2582 at
581 2534 637 2581 vos
660 2513 699 2580 de
720 2514 791 2600 ipso
814 2515 963 2598 gaudium
989 2514 1111 2600 etipse
1133 2513 1173 2581 de
1195 2513 1284 2580 vobis
1307 2512 1492 2581 comnamet

337 2629 476 2697 fructum
497 2629 706 2717 multiplicem
727 2631 761 2696 in
783 2635 953 2718 conspectu
969 2628 1098 2696 Domini
1120 2634 1339 2715 consequatur.
1374 2623 1493 2695 diabilo·

338 2747 443 2814 minus
466 2767 590 2833 quoque
603 2746 693 2814 vobis
714 2747 913 2832 mandamus,
935 2751 972 2813 nt
993 2765 1052 2834 pro
1074 2744 1272 2813 relormando
1294 2743 1491 2831 religioniset

338 2861 513 2930 honestatis
539 2862 640 2950 ipsius
668 2863 838 2931 aecclesiae
866 2867 951 2930 statu
981 2867 1013 2931 ot
1039 2882 1098 2950 pro
1124 2862 1349 2950 recuperandis
1373 2859 1492 2929 sindon

339 2978 509 3047 aecclesiae
537 2979 627 3047 bonis
655 2983 688 3046 et
715 2979 965 3066 possessionibus
989 2980 1055 3046 sive
1077 2977 1249 3063 beneficiis,
1279 2997 1361 3064 quae
1384 2979 1447 3045 sira
1463 2974 1493 3041 de

339 3114 451 3162 mansa
464 3094 517 3163 vel
536 3095 576 3162 de
597 3115 725 3164 camera
745 3115 802 3163 seu
824 3096 995 3164 elemosina
1013 3096 1114 3184 ipsius
1130 3095 1368 3183 archiepiscopi,
1390 3095 1453 3160 rive
1464 3089 1493 3155 dc

193 3286 226 3303 ..
340 3210 491 3279 abbatum
516 3213 749 3299 prepositorum
775 3217 808 3279 et
836 3212 1067 3280 abbatissarum
1093 3231 1221 3279 suerum
1242 3231 1369 3296 mensa,
1399 3205 1493 3278 uelde

340 3327 561 3396 canonicorum
584 3347 713 3397 suorum
734 3327 895 3416 prebende
915 3327 1024 3396 illicite
1041 3347 1189 3396 concessa
1203 3328 1355 3396 diam
1368 3326 1419 3394 uel
1432 3323 1492 3392 alic·

339 3448 416 3511 nata
444 3449 532 3529 sunt,
560 3445 643 3513 vires
665 3446 695 3513 ei
716 3451 749 3513 et
771 3443 924 3512 auxilium
945 3445 1028 3512 siout
1049 3444 1123 3512 boni
1146 3449 1178 3512 et
1199 3443 1303 3512 deuoti
1324 3443 1385 3511 lilii
1406 3441 1493 3511 effice·

340 3561 419 3631 aiter
439 3561 597 3629 tribuatis.
645 3561 727 3632 Sane
749 3582 807 3630 nos
828 3560 991 3646 iudicium,
1014 3562 1098 3649 quod
1119 3581 1214 3649 super
1235 3560 1295 3645 bis,
1318 3579 1400 3646 quae
1419 3555 1493 3625 lalcis

341 3695 489 3746 conoesea
510 3684 593 3764 sunt,
616 3679 651 3746 in
673 3683 842 3765 conspectu
863 3675 921 3744 filii
942 3678 1044 3746 nostri
1066 3677 1227 3761 Glonrsdi)
1248 3677 1381 3745 illustris
1395 3675 1494 3742 Rom·

340 3815 455 3864 norum
476 3795 559 3880 regis
582 3795 667 3882 apud
686 3794 850 3864 Coloniam
875 3794 1058 3864 rationabili
1078 3793 1276 3884 providentis
1296 3793 1420 3860 nouiter
1434 3809 1494 3878 pro·

340 3911 516 3998 mdgatum
538 3917 597 3998 est,
618 3911 736 3978 favoris
752 3912 855 3979 nostri
869 3913 1041 3980 assertione
1058 3911 1227 3980 firmamus.
1258 3909 1416 3994 Preterea
1430 3924 1494 3994 quo·

340 4030 427 4096 niam
454 4028 582 4115 quidam
608 4049 649 4096 ex
675 4027 781 4113 uobis,
814 4033 909 4115 prout
937 4029 1130 4117 accepimus,
1163 4033 1234 4115 post
1260 4028 1420 4114 incaptum
1444 4025 1494 4089 iter

342 4144 493 4212 antedicti
512 4145 620 4212 trabis
640 4145 742 4214 nostri
763 4144 910 4212 veniendi
932 4144 973 4212 ad
994 4164 1052 4213 nos
1078 4145 1198 4232 adquae
1225 4143 1264 4212 do
1290 4143 1407 4210 eisdem
1432 4155 1493 4227 por

342 4260 534 4328 sessionibus
565 4279 624 4349 per
649 4261 833 4330 violentiam
866 4267 898 4330 et
927 4265 1037 4330 contra
1064 4260 1220 4330 iusticiam
1246 4260 1427 4328 inrasemnt
1451 4249 1492 4319 uel

343 4381 545 4459 occuparunt,
567 4377 761 4462 presentium
777 4377 964 4444 auctoritate
978 4377 1174 4462 mandamus,
1196 4381 1242 4461 ut
1255 4375 1318 4444 uisi
1331 4375 1414 4444 infra
1426 4387 1491 4458 qm·
