3117 4859
398 290 547 340 wmsrnr
567 290 754 341 nursronon
775 289 884 338 sa-sa
1162 273 1224 341 131

145 430 366 499 Benedicimus
380 432 484 500 Deum
505 432 585 501 eceli
607 433 645 499 de
667 439 792 501 uestro·
808 437 1047 518 nestrorumque
1068 432 1173 500 reditu
1195 438 1228 501 et
1280 435 1349 493 1¹4⁷

63 549 226 636 sospitato3
248 549 367 633 gratias
391 550 512 633 aginnum
533 550 619 637 patui
640 549 928 617 misericordiarum
944 548 984 615 de
997 548 1122 615 reddita
1135 549 1227 617 nobis
1243 512 1395 572 ”mm

62 664 98 731 de
118 665 208 732 vobis
236 665 361 733 leticiae
389 669 422 733 et
448 665 555 750 gaudii
583 666 774 751 integritate.
811 665 972 733 Demere
994 670 1101 732 autem
1122 672 1229 732 uesta

62 800 121 847 non
141 802 310 868 possumus
331 802 397 849 non
418 782 554 868 marari
577 785 652 869 quia
673 784 886 851 consolatione
907 782 1087 869 presentiae
1103 787 1229 849 uestrae

61 897 210 964 refoveri*
225 898 381 983 volumus,
403 900 459 985 qui
480 898 589 966 multis
609 920 675 967 non
692 906 758 967 tam
774 901 858 967 curis
873 920 969 985 quam
982 900 1138 986 pressuris
1153 918 1228 965 con·

62 1015 208 1099 colimur,
238 1034 276 1081 ac
301 1014 434 1102 proinde
457 1016 558 1101 magis
580 1018 774 1104 presentiam
796 1022 935 1084 uestram
958 1036 1053 1102 quam
1074 1015 1229 1102 rescripta

61 1130 282 1198 desideramus.
317 1131 468 1199 Habitum
496 1136 600 1199 terrae
626 1138 753 1201 nostrae
781 1138 850 1200 tam
877 1133 1005 1220 scriptis
1033 1153 1128 1219 quam
1154 1132 1229 1200 uiua

60 1268 131 1316 soce
152 1248 257 1333 geruli
278 1248 371 1315 huius
393 1248 585 1333 intelligetis.

537 1382 750 1395 *a

63 1459 119 1532 53.
145 1465 236 1531 Boeo
253 1466 454 1553 praepositius
470 1463 660 1533 stabulensis
677 1466 819 1533 Witcldo
842 1467 882 1531 de
902 1466 1016 1531 dadan
1028 1466 1120 1531 retae
1132 1465 1229 1550 ciprii·

138 1582 231 1671 fiffli·
1090 1578 1144 1661 (Μ
1161 1578 1229 1658 39)

143 1712 284 1781 Domino
319 1734 375 1781 suo
401 1712 545 1781 Wibsldo
579 1712 752 1781 venerabili
780 1713 961 1783 Stabuleusi
995 1713 1102 1781 abbati
1129 1712 1229 1779 irater
1274 1716 1343 1771 114⁷

59 1828 151 1916 Bovo,
176 1829 344 1917 quiequid
367 1831 452 1917 patri
473 1829 566 1899 filius.
1244 1791 1298 1848 ⁹⁰⁸¹
1311 1788 1397 1848 ΜΗ

144 1946 184 2014 [ιι
217 1966 334 2031 magna
367 1947 514 2031 anputia
541 1952 573 2015 et
600 1947 784 2037 inportabili
813 1948 928 2015 damno
957 1951 1030 2035 post
1056 1946 1229 2013 discessum

60 2068 198 2131 vestrm
226 2062 338 2151 positi,
371 2062 621 2131 desiderabiliter
648 2070 789 2131 vestrum
817 2069 1020 2153 expectamus
1049 2063 1229 2146 adventum,
1334 2069 1336 2072 ’

61 2180 220 2265 quianon
243 2178 344 2247 solum
373 2179 413 2247 ab
441 2180 600 2249 extraneis
624 2178 793 2265 affligimur
814 2186 863 2250 set
885 2182 982 2248 etiam
1005 2200 1025 2247 a
1046 2180 1163 2246 nostris
1180 2178 1230 2245 in·

60 2295 305 2364 misericorditer
327 2296 412 2363 intus
436 2301 468 2365 et
483 2302 574 2363 extra
589 2297 808 2385 opprimimur.
843 2297 880 2364 ln
893 2298 988 2365 rebus
1002 2296 1127 2380 vestris,
1150 2315 1230 2381 quae

61 2412 140 2480 cirea
161 2432 223 2479 nos
246 2416 330 2497 sunt,
354 2418 507 2499 quantum
527 2412 649 2481 fidelius
664 2434 794 2502 possum
809 2413 945 2481 elaboro.
979 2413 1017 2480 ln
1031 2412 1232 2501 prepositura

61 2535 177 2613 autem,
200 2528 241 2595 dc
263 2549 327 2615 qua
348 2529 432 2595 vices
454 2534 576 2597 vestras
600 2550 668 2615 ago,
692 2530 789 2597 nichil
810 2531 931 2598 ductus
953 2550 1005 2596 me
1028 2549 1120 2613 agere
1138 2548 1231 2615 posse

61 2646 178 2731 edatis,
206 2646 365 2731 quianon
388 2644 490 2713 solum
513 2646 532 2715 t
553 2646 646 2713 Radl
669 2653 701 2714 et
721 2647 882 2715 Machario
904 2647 939 2713 in
961 2645 1159 2729 condustrio,
1183 2649 1232 2711 set

62 2767 90 2829 et
111 2784 131 2829 a
152 2762 271 2831 comite
293 2762 484 2831 Namucensi
512 2768 544 2832 et
571 2764 637 2831 suis
661 2764 851 2831 aduersariis
872 2763 913 2828 in·
929 2760 1113 2849 Haspannia
1134 2759 1233 2848 preda

62 2882 91 2947 et
110 2879 259 2947 incendio
282 2885 453 2948 vastamur.

64 3090 120 3162 54.
146 3093 274 3183 Alolfas
302 3096 398 3163 obbae
419 3094 582 3161 Fcldeaeio
604 3094 779 3163 Widoldam
807 3095 1076 3161 commendaticiae
1103 3094 1147 3158 ad
1170 3116 1231 3181 po-

141 3234 225 3299 pum
246 3212 364 3277 litterae
385 3223 484 3299 ropac.
1093 3206 1147 3290 (M.
1164 3206 1232 3290 32.)
1370 3244 1378 3259 =

146 3342 297 3411 Wibaldo
324 3344 497 3412 venerabili
525 3344 560 3411 in
589 3342 714 3411 Christo
742 3342 925 3412 Gorbeiemi
953 3341 1060 3410 abbati
1081 3341 1232 3425 Assolfus)
1250 3349 1320 3403 1147

62 3456 189 3527 humilis
211 3460 357 3547 provisor
378 3460 545 3528 Fuldensis
567 3461 690 3529 cenobii
711 3458 862 3529 debitum
874 3461 1033 3528 fraternae
1055 3458 1232 3527 dilectionis
1249 3422 1373 3484 &pm

63 3576 277 3643 storationis.

147 3692 278 3773 Quanta
309 3692 502 3778 benignitate
530 3693 631 3761 dolori
658 3698 766 3761 nostro
793 3692 1109 3779 condescendissetis,
1144 3698 1232 3760 actus

63 3806 209 3877 declarat.
249 3808 329 3877 eum
352 3811 436 3877 enim
457 3810 560 3898 primo
584 3830 712 3877 causam
733 3815 876 3877 nostram
897 3810 1095 3897 concepistis,
1117 3808 1232 3877 litteris

62 3926 174 3993 restris
203 3946 262 3993 nos
291 3926 447 3993 consolari
468 3926 628 4012 uoluistis,
657 3948 737 4014 quae
758 3932 848 3995 tanto
869 3927 984 3995 maiori
1004 3924 1143 3994 remedio
1165 3925 1232 3992 fue-

64 4022 150 4129 runt,
179 4062 242 4129 qno
266 4041 286 4109 t
307 4047 395 4111 tanto
418 4044 486 4111 uiro
515 4044 601 4111 mitti
627 4049 809 4132 potuerunt.
855 4042 967 4112 Gratia
986 4045 1094 4129 itaque
1115 4046 1232 4127 vestra,

64 4160 241 4245 parturiens
268 4158 358 4227 nobis
385 4180 534 4245 magnam
560 4160 796 4247 confidentiam,
824 4161 880 4228 dat
901 4182 921 4227 a
942 4161 1031 4228 vobis
1053 4160 1234 4247 inquirendi

64 4274 184 4343 consilii
207 4280 240 4341 et
263 4274 373 4343 auxilii
396 4276 587 4361 singularem
609 4279 786 4371 materiam,
807 4283 844 4344 ut
867 4278 886 4345 t
907 4277 1070 4362 refigionis
1093 4282 1233 4344 amatore

131 4432 153 4465 ι.
173 4420 251 4467 vestus
267 4436 286 4465 c.
348 4419 371 4467 b.
391 4418 489 4467 refoveri
505 4438 525 4469 c.
587 4434 607 4468 c.
628 4420 733 4483 quicquic
749 4440 769 4468 c.
832 4418 932 4467 noso·
947 4438 968 4466 c.

981 4507 1021 4563 9*
