3117 4859
499 273 715 326 mutuno
737 275 766 324 s.
780 275 852 324 rrrr
1240 259 1259 324 ‘t

83 417 236 486 tisim
264 418 457 503 adduxerat,
483 438 543 507 per
567 418 761 487 monasteria
780 415 975 484 Francorum
997 417 1173 502 distribuit,
1203 415 1260 484 sd·
1279 421 1421 479 tta-soe
1520 401 1523 412 '

82 535 189 619 legem
219 555 346 621 quoque
372 541 515 603 metm
540 540 636 622 atque
661 534 869 602 monastieam
895 532 1114 620 disciplinaml
1137 534 1261 601 institui

82 652 260 740 praemit
303 651 466 738 Denique,
495 653 570 738 quia
595 651 629 718 in
650 646 800 719 Gorbeia¹
821 651 1012 716 monestede
1033 649 1201 717 laudabilis
1224 669 1261 718 eo

82 775 231 855 ternpore
257 767 370 853 religio
397 768 622 836 monachorum
648 768 837 852 habebatur,
865 765 981 834 multos
1003 766 1084 834 inibi
1107 766 1261 834 eiusmodi

84 885 171 952 riuos
194 884 266 952 fore
287 884 461 952 constituit.

172 1000 258 1068 Erat
277 1001 377 1084 igitur
398 1001 509 1068 eodem
529 1005 671 1087 tempore
684 1000 720 1066 in
732 999 876 1088 praefato
890 999 1081 1066 monasterio
1098 998 1187 1083 abba,
1210 997 1261 1066 vir

84 1117 170 1184 ritae
189 1116 382 1203 rmembilis
402 1117 579 1202 meritoque
600 1117 745 1201 eximius,
766 1115 968 1183 Adalhordus
983 1115 1122 1200 nomine,
1142 1113 1259 1182 nobilis

83 1253 203 1318 gmere
226 1233 285 1300 sed
304 1213 543 1317 nobilior‘lide,
569 1233 694 1300 fervens
715 1234 767 1301 in·
790 1231 958 1320 disciplina
979 1231 1052 1298 sedd
1073 1231 1185 1319 plenus
1208 1251 1260 1298 ea·

84 1350 192 1435 ritate,
214 1350 343 1438 sapiens
364 1350 400 1416 in
420 1347 593 1434 leontiano,
615 1349 728 1436 plenus
750 1349 932 1433 dilatatione,
955 1347 1113 1415 studiosus
1135 1348 1170 1414 in
1191 1347 1260 1432 lege

85 1467 197 1534 diuina
218 1472 253 1533 et
273 1465 386 1553 plenus
409 1466 605 1532 diseretione.
639 1465 701 1532 Hie
722 1485 794 1532 eum
816 1471 900 1532 esset
920 1465 1004 1532 inter
1025 1465 1180 1552 primores
1203 1483 1260 1550 pa·

84 1583 154 1650 latii
182 1587 281 1669 atque
308 1581 522 1650 oonsiliarius·
543 1583 644 1667 regis,
673 1581 795 1649 soilieet
821 1582 896 1668 quia
921 1592 990 1649 erat
1011 1580 1261 1664 consanguineus

86 1689 259 1785 uudem’,
281 1697 427 1766 voluntas
454 1699 629 1786 supradicti
655 1698 740 1782 regis
766 1698 798 1766 ei
824 1698 973 1797 abscondi
993 1697 1124 1764 minime
1146 1696 1259 1785 potuit

86 1815 148 1884 Sed
177 1815 257 1901 quia
282 1835 347 1882 non
374 1820 444 1882 erat
465 1815 595 1882 interior
615 1813 671 1882 illo
694 1814 876 1900 devotione,
905 1835 1065 1899 regressus
1089 1813 1130 1879 ad
1150 1832 1260 1878 moue

3 2000 4 2003 ,
84 1933 238 2017 seium,
260 1931 301 1999 ab
324 1932 381 2017 eis,
403 1931 459 2018 qui
479 1932 599 2000 ibidem
620 1936 712 2000 erant
732 1929 765 1998 e‘
786 1936 879 2028 gente
900 1930 1065 2015 Sanoniea,
1088 1928 1261 1996 seisoitari⁸

85 2049 208 2137 eoepit,
237 2048 268 2115 si
288 2047 391 2136 possit
410 2047 468 2114 illa
487 2047 523 2114 in
543 2048 651 2136 patria
669 2047 808 2116 nuenini
828 2046 932 2132 loeus,
959 2047 1015 2115 ubi
1036 2045 1261 2112 monaoborum

84 2165 317 2236 monasterium
336 2164 478 2231 construi
495 2163 726 2232 rationabiliter
738 2168 857 2252 posset
891 2163 919 2230 E
935 2163 1047 2249 quibus
1062 2182 1144 2228 unus
1159 2161 1261 2228 Thoo-

85 2283 204 2351 nodus
228 2280 358 2348 nomine
384 2281 446 2348 ait:
477 2281 551 2350 soto
577 2281 743 2368 inquitis
765 2283 870 2370 patris
895 2282 957 2347 mei
976 2281 1171 2368 possessione
1198 2301 1262 2344 esse

84 2401 202 2480 leonto,
237 2399 293 2466 ott
326 2423 366 2466 es
391 2410 524 2487 ubsque
552 2398 745 2486 poetefoos
777 2400 865 2464 ebro
898 2408 1036 2482 monet,
1072 2406 1102 2462 et
1132 2395 1262 2460 moltam

86 2526 177 2602 apem
204 2515 253 2580 sd
277 2514 337 2581 boo
363 2538 442 2602 epos
468 2513 546 2580 mili
573 2537 637 2580 esse
663 2516 792 2580 edetur.
846 2511 943 2580 curs
976 2510 1180 2599 responsione
1207 2509 1262 2576 de-

84 2629 221 2698 laotatus
244 2628 433 2698 resonabilis
452 2633 545 2718 pater
567 2647 640 2696 eum
661 2629 772 2696 statim
793 2629 865 2696 illas
886 2629 921 2695 in
942 2633 1049 2716 partes
1072 2626 1203 2710 direxit,
1225 2630 1263 2692 ut

85 2747 257 2832 diligenter
278 2767 347 2814 rem
367 2745 525 2833 prolatum
545 2746 753 2832 investigaret
774 2749 822 2830 et,
852 2749 959 2812 utrum
981 2749 1072 2831 pater
1094 2748 1126 2809 et
1147 2741 1262 2827 reliqui

85 2862 314 2947 eousanguinei
341 2861 402 2929 boo
423 2862 599 2930 consentire
620 2862 751 2947 uellent,
779 2862 963 2949 inquireret.
1009 2859 1069 2938 Qui
1091 2877 1163 2926 oum
1184 2859 1263 2926 isset

86 2985 117 3048 et
136 2980 244 3068 patris
264 2978 448 3065 matrisque,
472 2978 618 3046 arunouli
640 2983 735 3064 atque
755 2978 908 3066 patruelis
930 2977 1125 3045 uoluntatem
1147 2993 1261 3059 eogno-

85 3097 202 3181 risset,
229 3115 376 3163 tenemus
404 3095 446 3162 ad
466 3095 708 3180 monasterium,
736 3099 775 3161 ut
795 3095 855 3162 hoe
875 3092 966 3162 fieret
988 3092 1059 3160 eos'²
1083 3092 1260 3160 desiderare

3 3224 4 3231 ’
85 3215 193 3302 poh'ns
216 3231 313 3298 qnam
333 3211 482 3278 resistere
502 3211 584 3279 velle
604 3211 772 3278 nuntiavit

176 3328 243 3397 Sed
268 3328 334 3394 iam
361 3327 446 3396 dioto
474 3327 582 3396 abbati
606 3327 662 3394 illo
683 3328 718 3394 in
739 3332 883 3414 tempore
905 3325 1074 3392 eommisso
1096 3329 1165 3392 erat
1185 3343 1262 3392 eura
1279 3339 1332 3394 813

86 3447 240 3528 muima,
262 3443 411 3512 videlieet
430 3449 468 3512 ut
487 3465 621 3528 regnum
636 3442 918 3528 Longobardorum
932 3442 1107 3527 gubernare
1122 3441 1261 3527 deberet,

87 3565 187 3632 donee
214 3560 300 3628 lilius
325 3555 472 3650 Pippiui³
493 3555 714 3628 Bernhardus‘
734 3560 863 3628 nomine
892 3564 1061 3642 eresoeret3
1090 3579 1165 3626 nam
1192 3559 1261 3646 ipse

87 3680 262 3769 Pippinus,
284 3675 395 3744 Karoli
411 3663 500 3761 'regis
521 3674 621 3762 filius,
645 3682 718 3744 ante
739 3675 869 3744 triennii
890 3681 1015 3762 tempus
1039 3671 1182 3742 obierat.⁶
1218 3674 1262 3742 Et

156 3848 333 3896 aadsddidi.
387 3846 697 3906 tutamento.
748 3847 861 3894 eam.
912 3845 1118 3894 brodoam.
1171 3856 1260 3890 aeon·

87 3930 226 3978 uliarios2.
287 3927 405 3975 tuas,
467 3927 649 3984 amburit.
711 3925 917 3973 lutoso-M.

157 4036 186 4090 1.
203 4031 323 4090 Gorbeia
338 4032 454 4102 antiqua
471 4029 592 4100 (Gorbie)
610 4030 648 4086 ad
664 4029 811 4088 &monam
829 4029 867 4099 fl,
884 4029 913 4086 iu
932 4028 1053 4088 dioeeeoi
1069 4025 1259 4084 Ambiauensi

88 4126 115 4180 2
130 4127 240 4193 patrem
258 4122 332 4178 enim
349 4120 448 4178 babuit
458 4119 658 4189 Bernhardnm,
675 4119 768 4176 Oaroli
778 4118 897 4176 Martelli
915 4117 1010 4188 filium,
1028 4122 1158 4187 patruum
1170 4115 1260 4172 Caroli

3 4243 5 4291 p
88 4213 190 4282 Rapui.
261 4212 288 4266 3.
307 4211 382 4281 regis
398 4209 495 4266 ltaliae
512 4210 685 4279 (eoo—810),
702 4207 753 4265 tilii
769 4209 861 4266 Onoli
878 4207 979 4278 Magni.
1050 4208 1077 4262 4.
1098 4221 1147 4262 rex
1164 4205 1259 4261 ltaliae

3 4298 4 4323 ³
88 4301 239 4358 tle-81⁷.
302 4299 700 4370 5.8101u1.8;iaqueregni
710 4297 955 4370 longobardorum
967 4295 1167 4352 administratio
1175 4294 1259 4352 Adul-

3 4456 4 4467 χ
89 4388 174 4448 bardo
190 4405 265 4447 anuo
283 4389 337 4446 813
355 4388 503 4446 eommissa
518 4403 581 4445 esse
596 4387 715 4444 ridetur.

2 4479 4 4510 Ι

2 4580 14 4850 ,
