3117 4859
418 277 566 324 ruminor
587 275 849 373 srrsronenosse.
866 276 920 324 eei.
970 234 972 243 ¹
1185 239 1265 328 b99'

76 415 173 488 466.
193 417 359 486 Heium
380 419 448 486 Leo
470 421 612 486 Wtbatdo
639 423 744 488 scribit
772 422 811 486 ds
839 432 924 486 curte
944 421 1138 509 Papanhm
1165 435 1195 488 ct
1215 425 1254 490 de

193 535 362 602 Wtdilcindr'
378 539 544 623 membru.
1091 535 1147 617 (ll.
1163 539 1253 620 435.)

171 665 341 750 Wtibaldel
364 668 537 736 venerabili
564 672 690 736 sunctae
715 667 914 736 Corbeiensis
941 668 1111 736 eecclesiae
1135 669 1253 755 abbati,
1272 683 1340 737 1157

74 779 285 852 edesseno
320 785 446 852 domino
481 805 555 868 suo,
589 784 784 868 Hermos)
813 784 875 852 ne
901 785 1005 868 gratu
1029 784 1193 854 navasse
1222 791 1255 852 e
1274 757 1331 816 ³⁰⁸·

75 899 239 966 Saxonisoe
265 900 329 968 dux
352 900 500 968 devotum
523 901 708 987 obsequium
730 921 802 966 cnm
824 902 911 968 omni
933 902 1056 968 sineere
1077 901 1252 970 dilectione.

171 1015 260 1094 Quod
282 1017 397 1100 emnia,
423 1037 502 1102 quse
524 1017 564 1084 ad
586 1017 714 1084 honoris
735 1017 850 1084 vestri·
873 1017 1161 1100 augmentetionem
1181 1037 1253 1105 spe-

74 1136 181 1216 ctant,
210 1152 289 1217 eque
312 1133 421 1200 ordine
443 1133 630 1220 procedant,
653 1138 721 1200 toto
743 1133 839 1200 corde
859 1133 1020 1217 diligimus
1042 1139 1076 1200 et
1096 1139 1251 1220 optemus.

72 1248 130 1316 De
152 1253 290 1332 coetero,
313 1248 352 1316 de
375 1253 463 1316 curte
485 1253 592 1316 vestro
613 1248 817 1337 Pepenheim,
841 1250 924 1316 sicud
943 1249 1035 1316 nobis
1057 1250 1252 1334 insinuastis,

73 1363 287 1432 libentissime
322 1365 574 1452 providebimus3
609 1370 642 1432 et
672 1366 754 1434 hanc
789 1385 899 1432 curam
927 1364 1106 1432 castellanis
1134 1367 1252 1434 nostris

74 1480 265 1566 Dssenberg
287 1482 453 1565 diligenter
475 1482 684 1566 iniungemus.
756 1481 847 1561 Quod
869 1487 976 1550 eutem
997 1482 1131 1550 domnus
1153 1481 1253 1552 Widi·

72 1597 174 1664 kinus
197 1617 304 1664 eorem
326 1597 417 1665 nobis
438 1594 603 1684 promisit¹
626 1603 658 1666 et
678 1617 742 1666 nen
763 1598 927 1684 persolvit,
950 1605 1023 1685 pest
1043 1597 1181 1667 reditum
1196 1619 1252 1665 no-

73 1719 181 1782 strum
211 1715 249 1782 eb
279 1711 506 1801 expeditione²,
536 1714 596 1780 etsi
623 1733 687 1780 non
715 1714 830 1798 gratim
857 1719 966 1782 temen
992 1715 1028 1780 in
1056 1715 1252 1802 beneplscite

71 1835 183 1900 vestro
206 1837 239 1898 et
259 1836 368 1898 nestm
389 1829 557 1918 persolvet.

73 2095 170 2166 467.
190 2055 370 2164 nooman
385 2099 406 2164 ι
420 2101 591 2185 imperaror
615 2097 760 2162 ussisse
784 2099 888 2164 coms
908 2099 948 2162 es
963 2095 1122 2185 namorp
1136 2097 1252 2165 suen

168 2217 241 2280 deon
264 2217 542 2303 monasteriumque
566 2215 747 2280 Stabulense
770 2215 970 2279 commendat.
1090 2211 1143 2293 (M.
1160 2211 1251 2295 436.)

167 2345 372 2428 Ftridericus)
402 2347 462 2413 Dei
492 2348 595 2431 gratie
623 2345 837 2412 Romanorum
864 2347 1039 2432 imperator
1066 2349 1098 2410 et
1126 2365 1251 2432 semper
1269 2365 1336 2419 1157

75 2469 231 2549 augustus
254 2461 428 2545 Hteinrico)
452 2461 490 2528 de
505 2461 664 2546 Lemburg
686 2464 821 2546 gretiam
845 2482 936 2528 suam
958 2465 990 2526 et
1010 2481 1102 2526 omne
1122 2461 1249 2527 bonum.

160 2582 312 2668 Aequum
337 2585 385 2646 est
407 2584 439 2646 et
460 2578 551 2646 valde
574 2578 770 2666 imperialem
793 2575 1059 2660 magnificentiam
1082 2577 1186 2661 decet,
1214 2581 1251 2643 ut

73 2717 242 2786 personae,
266 2717 345 2782 quse
367 2695 500 2782 imperio
520 2700 628 2762 nostro
644 2693 832 2781 promptiori
847 2691 1011 2760 devotione
1026 2693 1250 2779 obsequuntur,

74 2820 110 2882 et
139 2815 159 2880 at
184 2813 275 2880 nobis
300 2812 399 2879 artius
422 2811 594 2895 diligentum
616 2816 648 2878 et
671 2810 709 2877 ab
732 2810 895 2894 omnibus,
925 2810 979 2895 qui
1000 2809 1127 2896 imperii
1149 2809 1251 2876 nestri

73 2931 228 2998 honorem
251 2929 396 3013 diligunt,
421 2948 491 2993 cum
515 2927 620 2994 debita
641 2927 819 2994 reverentia
841 2931 1073 2992 conserventur.
1113 2924 1249 2993 Proinde

73 3047 265 3114 industriam
287 3051 375 3111 tuem
399 3049 517 3110 attente
539 3043 694 3110 monendo
716 3063 880 3126 regemus,
902 3048 939 3108 nt
959 3041 1083 3108 fidelem
1105 3047 1249 3109 nostrum

72 3161 257 3230 Wibaldum
281 3160 498 3228 Stabnlsnsem
521 3159 677 3245 abbatem,
700 3160 755 3245 qui
775 3157 909 3224 multum
933 3162 965 3225 et
987 3158 1042 3225 diu
1062 3159 1097 3224 in
1119 3159 1248 3226 servitio

73 3284 184 3345 nostre
208 3283 240 3344 et
260 3277 388 3366 imperii
409 3275 596 3343 utilitatibus
618 3277 683 3342 iem
704 3275 871 3359 laborarit,
892 3275 1047 3342 honorare
1070 3279 1102 3342 et
1118 3275 1249 3360 diligere

74 3395 203 3462 studeas
228 3401 259 3461 et
282 3392 464 3459 aecclesiam
489 3391 723 3476 stabulensem,
747 3392 798 3458 cui
819 3397 942 3477 preest,
963 3391 1047 3458 tueri
1069 3398 1101 3459 ct
1123 3413 1248 3459 censer·

72 3531 236 3578 veronen
259 3531 370 3577 cesses.
402 3508 620 3575 Interdicimus
644 3507 738 3574 etiam
762 3508 822 3574 tibi
844 3513 937 3593 atque
958 3509 1015 3575 sub
1031 3513 1161 3596 optentu
1175 3527 1247 3592 gra-

72 3627 139 3694 tiae
161 3631 288 3693 nostrae
309 3626 512 3714 precipimus,
535 3645 575 3691 ne
597 3623 858 3712 possessionibus,
882 3625 984 3690 eidem
1000 3623 1168 3691 eecclesiae
1183 3623 1246 3689 col-

72 3744 148 3811 latis
172 3744 191 3810 t
212 3744 275 3810 tuis
298 3741 557 3825 antecessoribus,
581 3739 718 3825 aliquem
731 3739 914 3807 violentiam
928 3742 1045 3807 inferas
1059 3761 1161 3825 neque
1175 3759 1245 3806 enm

74 3861 181 3946 aliquo
203 3860 296 3926 mode
311 3879 427 3926 vexere
450 3862 629 3945 attemptes,
653 3855 754 3923 sciens
777 3857 887 3943 procul
909 3857 1013 3942 dubio,
1037 3857 1119 3942 qnod
1134 3833 1245 3923 eadem

42 3976 227 4044 ,aecclesia
261 3996 332 4043 cum
366 3975 431 4042 suis
465 3975 608 4041 omnibus
637 3973 695 4039 sub
723 3972 822 4040 tutele
850 3979 883 4040 et
909 3973 1088 4039 defensione
1118 3971 1246 4059 imperii

72 4093 176 4161 nestri
191 4093 362 4159 constitute
376 4098 438 4176 est;
460 4091 543 4158 unde
559 4096 600 4176 et,
616 4090 793 4177 quicunque
808 4109 878 4156 eam
891 4089 1009 4173 leserit,
1031 4109 1089 4155 nos
1105 4087 1244 4156 offendit.

147 4312 168 4346 ι.
188 4298 262 4346 nostri
277 4315 297 4344 c.

146 4386 171 4440 1.
189 4401 217 4440 v.
235 4399 279 4456 ep.
291 4384 344 4439 462
354 4397 444 4454 cupre
461 4399 488 4454 p.
501 4383 562 4438 595.
634 4384 660 4437 2.
677 4381 815 4438 Pelenics„
