3117 4859
336 288 401 357 292
714 304 863 353 wmaum
884 301 1049 354 semrom
1072 304 1125 352 rra.

247 458 317 515 1149
336 456 367 518 et
390 470 424 516 se
445 449 549 535 ipsum
573 447 738 533 dilanians,
761 448 865 514 dicere
881 448 1008 535 incepit
1043 447 1146 514 Huius
1161 448 1259 532 igitur
1274 448 1428 534 desperati
1439 446 1486 513 ho·

335 566 440 650 minis,
464 572 496 632 et
518 570 590 632 ante
614 565 713 631 altare
728 565 813 632 beati
827 564 966 633 Remacli
981 571 1111 653 propter
1126 564 1310 631 aecclesiam
1324 563 1489 630 violandam

245 708 247 711 ·
335 703 369 751 se
391 682 531 749 occidere
548 682 766 769 attemptantis
781 681 1022 767 incendiumque
1036 682 1227 748 monasterio
1244 681 1429 763 minitantia,
1448 680 1490 744 in-

334 800 456 865 saniam
478 818 543 865 non
564 800 709 883 ferentes,
736 798 851 865 fratres
872 800 975 865 nostri
996 819 1064 882 nos,
1088 799 1143 884 qui
1164 798 1241 864 data
1260 796 1415 864 sententia
1427 816 1491 862 eon·

251 920 254 923 ’
333 921 462 983 rentum
486 916 671 999 exieramus,
699 914 854 998 adierunt,
876 920 1020 981 nostrum
1042 935 1138 1001 super
1159 920 1226 980 tam
1248 912 1426 980 detestabili
1443 912 1492 977 ho
1553 945 1554 948 ¹

334 1033 419 1099 mine
441 1031 607 1099 eonsilium
628 1050 692 1098 non
714 1030 782 1097 sine
799 1030 905 1097 dolore
927 1037 960 1098 et
974 1030 1114 1098 lacrimis
1129 1028 1318 1114 flagitantes.
1353 1030 1428 1113 Nos,
1448 1048 1492 1094 aa·
1553 1055 1554 1110 3

334 1153 422 1236 ptato
445 1168 517 1215 cum
534 1146 691 1236 prioribus
709 1146 826 1213 nostris
844 1146 985 1231 consilio,
1006 1147 1090 1213 facto
1106 1145 1233 1214 tabulae
1250 1142 1374 1212 sonitu¹
1389 1145 1493 1231 quippe
1553 1125 1554 1218 h

333 1265 398 1332 iam
426 1266 524 1332 missa
549 1264 651 1331 maior
678 1269 805 1331 cantata
826 1269 908 1347 erat,
937 1262 1110 1349 capitulum
1130 1262 1327 1329 intravimus.
1362 1261 1494 1341 Quasiri-

334 1402 404 1447 mus
428 1381 466 1448 ab
490 1401 537 1465 eo,
559 1386 667 1447 nhum
688 1384 762 1467 pest
783 1379 963 1447 rebellionis
985 1380 1052 1446 eius
1076 1385 1237 1466 acceptam
1259 1380 1410 1445 iniuriam
1432 1378 1495 1444 obe
1553 1379 1554 1468 l

334 1498 423 1564 diens
450 1496 542 1564 nobis
564 1502 596 1564 et
617 1500 744 1563 sanetae
765 1495 892 1579 regulae
915 1495 1010 1563 vellet
1032 1516 1110 1562 esse.
1150 1495 1229 1562 (lum
1250 1495 1437 1583 persisteret
1456 1493 1496 1559 di
1553 1473 1554 1490 ¹

334 1614 442 1698 condo,
465 1634 500 1680 se
521 1633 689 1701 personam
712 1633 802 1679 suam
824 1611 905 1680 velle
927 1612 1028 1679 modis
1051 1612 1195 1679 omnibus
1213 1611 1339 1679 anobis
1354 1611 1496 1692 ahenara

334 1750 391 1796 nos
415 1731 445 1797 ei
466 1731 626 1818 optionem
643 1728 875 1818 proposuimus,
897 1733 934 1794 ut
948 1734 1004 1796 aut
1017 1729 1108 1795 iuxta
1120 1728 1344 1795 monachorum
1358 1728 1497 1795 instituta

334 1845 424 1913 nobis
447 1846 588 1914 obediret
610 1852 674 1930 aut,
698 1846 841 1932 deposito
863 1843 1025 1929 religionis
1046 1845 1166 1930 habitu,
1191 1846 1318 1912 anobis
1335 1850 1368 1911 et
1383 1865 1403 1910 a
1417 1862 1499 1910 mon·

335 1963 450 2029 asterio
474 1984 541 2048 suo,
563 1982 724 2049 nunquam
746 1980 940 2046 reversurus,
962 1961 1131 2029 recederet.
1166 1960 1209 2028 Et
1229 1962 1289 2028 hoc
1312 1961 1442 2048 quidem
1459 1960 1499 2026 fe

334 2079 433 2145 cimas
462 2080 633 2146 secundam
661 2078 812 2145 duritiam
840 2078 943 2145 cordis
971 2079 1054 2163 eins,
1082 2082 1272 2161 metuentes,
1301 2098 1342 2145 ne
1366 2078 1499 2145 fortein

335 2194 524 2281 prohmdum
548 2194 774 2282 desperationis
798 2195 886 2262 etin
908 2215 984 2261 suae
1005 2194 1091 2261 necis
1108 2194 1285 2281 appetitum
1298 2199 1499 2279 mergeretur,

334 2308 502 2397 malentes,
530 2332 602 2379 eum
628 2318 786 2398 utcunque
807 2311 914 2378 vivere
940 2332 1034 2396 quam
1056 2311 1155 2377 vitam
1183 2311 1373 2398 inpenitanti
1400 2312 1499 2378 animo
1553 2339 1554 2394 q

333 2424 433 2494 finire.
480 2426 551 2515 lpse
573 2448 664 2513 vero,
692 2427 790 2494 nichil
818 2431 979 2494 cuneatus
1009 2432 1058 2493 set
1085 2428 1175 2513 quasi
1204 2429 1359 2512 gaudem,
1388 2429 1499 2515 quippe

335 2564 428 2629 quem
455 2564 590 2630 nequam
618 2538 752 2632 spiritns
776 2544 841 2609 iam
862 2550 967 2610 mente
988 2544 1162 2629 invaserat,
1191 2544 1313 2612 abieoto
1334 2542 1500 2610 monachili

334 2658 454 2745 habitu,
476 2659 595 2747 hylaris
619 2665 650 2727 et
671 2660 778 2726 ridens
801 2660 909 2744 exivit,
931 2678 1004 2726 cum
1024 2680 1083 2726 nos
1105 2660 1139 2726 in
1154 2661 1294 2727 maximo
1308 2680 1434 2727 merore
1447 2678 1498 2747 pro

334 2776 435 2862 ipsius
462 2776 585 2843 animae
611 2778 743 2843 interitu
771 2776 953 2843 dimitteret
998 2776 1042 2842 Et
1067 2797 1125 2843 nos
1154 2778 1297 2865 quidem,
1325 2777 1366 2844 de
1389 2775 1499 2843 nostris

335 2892 472 2977 peccatis
499 2893 580 2958 ham
603 2892 664 2960 Dei
686 2893 858 2979 plurimum
879 2897 1055 2959 metuentes
1077 2898 1110 2961 et
1131 2893 1228 2960 nichil
1249 2894 1284 2960 in
1304 2893 1365 2960 hoc
1388 2892 1499 2960 mundo
1553 2911 1554 2976 i

335 3012 453 3073 temere
479 3008 669 3094 iudicantes,
696 3010 749 3096 pio
775 3014 883 3076 tamen
905 3014 937 3075 et
959 3009 1111 3076 cathohco
1134 3030 1230 3077 sensu
1249 3030 1308 3076 nos
1329 3010 1499 3096 intelligere

336 3123 502 3208 credimus,
526 3124 608 3209 quod
631 3125 670 3193 ab
692 3124 931 3212 blasphemiam,
954 3144 1048 3211 qnam
1070 3126 1104 3191 in
1126 3124 1230 3193 Deum
1244 3146 1370 3213 semper
1385 3127 1498 3209 habuit,
1553 3169 1554 3176 κ

338 3246 370 3305 et
390 3237 430 3305 ob
451 3239 619 3307 invidiam·
635 3246 668 3309 et
680 3240 866 3307 maledictal
883 3246 977 3328 atque
992 3240 1119 3328 probra,
1142 3241 1255 3327 quibus
1270 3242 1498 3311 sanctissimum
1553 3241 1554 3244 ’

337 3354 544 3423 confessorem
568 3356 685 3423 Christi
716 3361 810 3443 atque
838 3356 1018 3443 pontificem
1039 3357 1222 3424 Remaclum
1248 3360 1423 3428 insectatus
1446 3364 1498 3442 ed,

337 3473 369 3537 et
390 3478 520 3559 propter
540 3472 715 3542 fraternum
738 3476 845 3542 odium
868 3479 900 3541 et
921 3474 1044 3541 semina
1059 3475 1210 3561 scandali,
1232 3497 1313 3563 qnae
1327 3476 1430 3544 inter‘
1443 3476 1497 3542 duo

336 3586 419 3671 loca,
451 3588 617 3657 stabulaus
640 3590 787 3658 videlicet
815 3598 847 3659 et
873 3590 1154 3677 Malmundarium,
1185 3592 1338 3677 singulari
1365 3590 1498 3660 caritatis

336 3704 456 3788 glutino
479 3707 655 3792 coniuncta,
678 3728 826 3795 spargere
847 3727 912 3775 non
934 3708 1077 3797 cessarit,
1100 3710 1134 3776 in
1156 3710 1239 3777 hanc
1260 3711 1376 3777 mentis
1393 3710 1497 3777 oada-

335 3825 400 3887 tsm
424 3826 455 3888 et
469 3823 661 3908 pertinaciae
681 3822 827 3910 laqueum
843 3824 1009 3911 prolapsus
1024 3830 1087 3907 est3
1110 3826 1193 3893 sieut
1207 3826 1246 3893 de
1260 3825 1339 3893 luda
1352 3826 1497 3893 traditore
1553 3851 1554 3854 ¹

335 3936 479 4023 legimus,
492 3940 556 4024 qni,
570 3945 644 4026 post
656 3940 819 4008 uenditum
830 3940 1003 4008 Dominum
1018 3940 1137 4027 abiens,
1152 3942 1265 4029 laqueo
1279 3963 1314 4010 se
1329 3942 1495 4030 suspendit

335 4051 384 4120 De
395 4073 457 4139 quo
471 4054 670 4122 universitati
684 4062 808 4123 vestrae
822 4058 1008 4124 mandamus
1023 4063 1057 4125 et
1069 4058 1103 4125 in
1118 4059 1236 4127 virtute
1250 4061 1353 4127 saneti
1368 4058 1496 4147 Spiritus

408 4255 428 4287 ι
444 4238 552 4288 invidiam
568 4244 590 4288 s'a
606 4243 675 4289 litam
691 4260 770 4291 morus
784 4248 896 4304 posterior
911 4248 1009 4306 sapsa.
1071 4246 1094 4294 h.
1110 4246 1218 4295 maledita
1233 4248 1286 4295 cod.
1348 4261 1369 4295 e.
1383 4247 1440 4295 iuter
1453 4242 1494 4290 dae
1553 4309 1554 4314 1

336 4314 387 4366 loct
401 4320 423 4365 s‘a
439 4322 507 4367 laura
524 4338 592 4368 meaa
607 4322 664 4371 alia.

409 4416 433 4469 l.
452 4414 469 4469 i.
482 4431 507 4471 s.
525 4416 621 4472 tabula
638 4416 735 4474 malleo
753 4418 871 4488 pulsata.
