3117 4859
337 254 404 326 244
716 274 866 323 wmnrnr
886 274 1051 324 annuens
1074 272 1126 323 seo.

239 423 309 478 114⁷
335 418 526 485 fulciremur.
565 414 767 485 intellexerat
789 438 925 504 namque
946 418 996 486 vir
1017 416 1142 485 subtilis
1165 416 1297 501 ingenii,
1323 436 1380 485 nos
1399 436 1485 503 neque

230 497 319 543 lum
336 536 370 602 iu
399 534 571 622 optinenda
597 554 699 621 neque
727 536 762 601 iu
790 535 1004 602 conservanda
1030 534 1124 601 huius
1145 534 1330 621 prelationis
1351 533 1487 618 dignimte

336 672 408 719 cum
431 652 535 738 aliquo
559 652 739 719 ambitionis
762 672 842 718 nevo
864 651 1017 736 laborare,
1040 656 1090 719 set
1112 652 1236 718 stetisse
1252 672 1312 739 pro
1326 651 1489 717 iunooemia

336 774 368 835 et
389 769 476 835 fama
496 757 608 835 nostre
630 773 662 835 et
683 789 741 856 pro
764 768 952 853 quibusdam
974 768 1069 836 rebus
1091 768 1218 852 nocuis
1241 788 1320 853 quas
1342 767 1383 833 ad
1401 768 1489 834 incre·

336 891 478 954 mentum
500 885 622 953 cenobii
645 884 843 952 Corbeiensis
865 906 929 951 uon
951 885 1074 951 modico
1094 889 1222 972 sumptu
1236 883 1489 950 inchoaveramus

423 1000 571 1069 Nondum
592 1002 728 1069 reversis
749 1001 872 1086 legatis,
899 1002 1129 1069 intraveramus
1152 1020 1223 1067 cum
1245 1006 1368 1068 armata
1387 1000 1492 1103 milicia

336 1123 369 1185 et
390 1120 531 1186 exercitu
554 1118 797 1185 christianorum
817 1118 997 1205 principum
1019 1124 1138 1185 terram
1155 1115 1379 1204 Lenticiorom,
1400 1124 1492 1184 bans

334 1234 432 1301 misso
455 1234 530 1327 Albi
557 1232 696 1301 flumine.
731 1233 775 1301 Et
801 1254 925 1301 eramus
953 1236 987 1301 in
1013 1232 1175 1301 obsidione
1197 1233 1293 1300 castri
1315 1233 1423 1300 Dimin
1443 1234 1493 1299 snb

334 1350 450 1418 vexillo
466 1350 625 1436 Οιιιοίιὶιιί,
649 1372 721 1419 cum
743 1370 815 1419 ecce
835 1352 902 1418 iam
924 1372 999 1439 sepe
1021 1352 1124 1419 dictus
1139 1350 1305 1419 Heinricus
1322 1372 1420 1438 parvo
1434 1350 1494 1436 qui·

335 1467 407 1534 dem
436 1472 646 1534 armatorum·
669 1488 800 1535 numero
827 1474 877 1534 set
902 1468 1037 1535 multum
1066 1473 1188 1534 armato
1211 1468 1316 1534 animo
1339 1466 1494 1534 corbeiam

335 1585 476 1669 accessit,
500 1585 667 1671 missisque
689 1583 802 1669 legatis
825 1586 901 1670 suis,
925 1584 1109 1652 aecclesiam
1131 1584 1170 1651 de
1191 1583 1253 1652 fide
1275 1590 1308 1653 et
1328 1586 1495 1652 iuramento

335 1720 391 1765 suo
415 1702 590 1768 ammonuit
613 1706 659 1787 et,
686 1707 722 1769 ut
744 1702 850 1789 ipsum
871 1708 1033 1787 tamquam
1054 1701 1220 1788 proprium
1241 1701 1405 1769 dominum
1425 1701 1495 1768 reci·

333 1823 455 1903 perant,
478 1818 659 1905 postulavit.
691 1818 810 1885 Verum
830 1816 879 1884 illi
900 1824 986 1885 recte
1007 1817 1081 1885 fidei
1102 1824 1135 1885 et
1148 1817 1352 1885 iurisiurandi
1367 1839 1429 1885 non
1443 1819 1495 1883 in·

197 1999 200 2007 ,
333 1952 499 2018 memores,
521 1936 749 2002 monasterium
769 1934 865 2001 armis
881 1943 913 2001 et
927 1934 1180 2022 propugnaculis,
1204 1955 1284 2021 quas
1299 1956 1399 2021 usque
1412 1935 1495 2001 hodie

334 2055 454 2135 extant,
477 2051 624 2117 muniunt
646 2056 678 2118 et
700 2052 766 2117 vim
789 2052 821 2118 si
842 2050 995 2137 repellere
1016 2051 1084 2117 iure
1106 2052 1248 2137 gentium
1269 2052 1450 2119 moliuntur.

423 2166 554 2234 Fecerat
583 2173 615 2234 et
642 2172 736 2234 antea
763 2168 866 2233 simile
889 2167 1038 2253 quiddam
1059 2168 1094 2233 in
1115 2170 1306 2236 monasterio
1329 2170 1370 2237 de
1392 2168 1496 2236 Aldcs

332 2282 418 2366 leve3
447 2282 502 2351 ubi
532 2284 570 2350 ab
600 2284 719 2351 Hillino
749 2284 889 2351 eiusdem
917 2285 1100 2351 monasterii
1129 2285 1258 2370 abbate,
1287 2286 1343 2371 qni
1365 2286 1407 2353 de
1428 2286 1496 2352 Gor·

333 2398 453 2466 baiensi
482 2400 723 2485 congregatione
750 2399 816 2467 illio
844 2406 1024 2487 assumptus
1046 2399 1150 2467 fuerat
1158 2397 1176 2485 ¹,
1206 2403 1259 2487 qui
1283 2402 1303 2469 a
1323 2402 1433 2470 multis
1453 2402 1497 2468 vir

333 2515 487 2583 discretis
511 2517 721 2584 oblitteratas
744 2516 924 2604 putabatur,
948 2516 1088 2603 hospicio
1110 2522 1184 2603 post
1204 2518 1342 2585 reditum
1365 2520 1404 2588 ab
1418 2518 1496 2585 Urbe
1552 2517 1553 2521 ’

332 2638 487 2719 receptus,
511 2634 581 2719 ipso
604 2638 771 2717 aunuente,
794 2634 828 2699 in
851 2628 1059 2700 stacionibus'
1078 2634 1168 2700 festis
1190 2654 1262 2701 cum
1284 2637 1376 2720 virga
1396 2641 1496 2724 paste-

304 2748 393 2815 ‘rali
426 2750 595 2835 insignitus
631 2749 794 2837 processit.
838 2749 934 2816 Gaius
962 2750 1221 2837 prevaricationis
1247 2753 1404 2837 premium
1432 2772 1496 2841 prs·

333 2867 489 2951 sumptori
516 2866 694 2941 consiliario
723 2873 937 2951 transgressor
959 2868 1028 2954 ipse
1049 2867 1202 2953 reddidit,
1230 2870 1265 2936 in
1287 2889 1324 2936 eo
1346 2869 1495 2950 videlicet,

333 2980 426 3064 quod,
451 2981 560 3048 eodem
582 2983 695 3051 abbate
717 2984 856 3068 absente,
883 2984 989 3050 sedem
1012 3004 1103 3051 suam
1125 2990 1157 3051 et
1178 2985 1339 3053 abbatiam
1359 2986 1395 3052 in
1417 2985 1497 3073 capi·

309 3094 398 3161 *tulo
421 3096 553 3180 invasit3
584 3104 633 3165 set
655 3100 674 3165 a
696 3099 870 3167 Fritherico
894 3100 1034 3166 eiusdem
1055 3100 1118 3167 loci
1139 3101 1290 3169 advocmo
1313 3102 1497 3190 paulopost

333 3212 576 3299 cncumssptus,
603 3216 731 3299 sugast
753 3215 885 3303 pedibus
907 3235 1042 3302 poenam
1065 3218 1174 3285 evasit.
1208 3217 1373 3286 Predictus
1395 3219 1495 3299 abbas,

333 3332 529 3415 contemptor
552 3350 628 3397 sane
650 3352 805 3400 canonum
828 3339 860 3400 et
875 3332 1173 3419 apostolicaesedis,
1195 3335 1306 3402 relicta
1318 3335 1496 3403 monasterii

334 3446 366 3507 et
387 3442 521 3510 fratrm
543 3468 671 3514 suorum
694 3468 784 3534 cura,
811 3448 1057 3537 [herosolymam
1079 3451 1237 3537 profectus
1259 3457 1324 3537 est,
1348 3458 1495 3519 armatam

232 3564 302 3621 1148
333 3557 496 3626 militiam⁸
525 3582 671 3648 sequens3
704 3565 759 3631 ubi
788 3566 885 3631 etiam
911 3567 946 3632 in
974 3567 1056 3632 mari
1084 3568 1266 3635 submersus
1296 3566 1369 3636 est⁴.
1405 3569 1495 3636 Cuius

150 3676 151 3684 ’
209 3637 275 3686 Μ
288 3640 317 3687 ¹⁴
333 3674 420 3741 obitu
443 3679 600 3763 nunciato,
623 3681 764 3766 prefatus
787 3680 954 3749 Heinricus
977 3680 1154 3750 abbatiam⁵
1176 3686 1246 3752 sine
1267 3686 1419 3753 canonica
1439 3685 1495 3753 ele·

333 3791 435 3858 ctione
457 3793 598 3862 obtinere
620 3797 720 3864 voluit
743 3802 847 3883 atque,
870 3804 907 3864 ut
928 3819 1064 3885 pernes
1088 3800 1108 3867 d
1128 3802 1310 3870 marchione
1331 3802 1495 3871 Adslberto

403 3946 424 3981 a.
445 3938 581 3984 armatorum
597 3939 649 3985 cod.

402 4032 428 4085 1.
441 4030 476 4087 de
489 4032 594 4089 Hillino
608 4032 709 4089 abbate
722 4034 914 4091 Aldsslorcnsi
926 4036 1014 4107 ,apud
1023 4036 1170 4094 corbeiam
1181 4039 1345 4109 impetrate
1353 4042 1390 4098 cf.
1400 4038 1492 4098 ΔιιιιΙ.

215 4162 221 4177 .
331 4116 433 4187 Pegev.
447 4120 516 4175 1109
535 4122 618 4189 (Mon.
631 4120 679 4177 SS.
693 4122 768 4178 XVI.
784 4139 812 4193 p.
822 4125 899 4192 250),
924 4130 953 4179 et
975 4126 1099 4197 catalog.
1112 4128 1206 4185 abbat.
1218 4129 1300 4187 corb.
1319 4148 1403 4202 supra
1423 4148 1450 4201 p.
1462 4131 1493 4184 to

331 4222 359 4259 n.
371 4207 397 4262 8.
463 4210 489 4264 2.
507 4210 736 4277 processionibus.
800 4214 827 4268 3.
845 4214 997 4271 Bernhardi
1015 4217 1125 4273 comitis
1142 4218 1178 4274 de
1196 4219 1327 4276 Ploaeka
1351 4221 1387 4277 V.
1399 4218 1490 4276 dunat

331 4293 495 4364 Pagonii.
548 4300 575 4353 4.
594 4299 621 4354 d.
636 4299 669 4355 14
687 4301 765 4355 biart.
780 4303 880 4369 (1148).
906 4305 941 4360 V.
953 4304 1053 4361 Anne.
1067 4307 1170 4378 Pegar.
1183 4309 1202 4364 1.
1214 4310 1234 4365 1.
1251 4315 1282 4366 et
1294 4310 1436 4368 calendar.
1447 4310 1491 4365 Po

329 4396 393 4453 gar.
405 4399 449 4452 ap.
464 4386 598 4445 Mencken
615 4388 725 4445 11.124.
796 4392 823 4447 b.
841 4392 1075 4452 Aldesleveusem.
