3117 4859
393 260 542 315 wrsmnr
562 261 750 316 mmromr
770 262 825 313 nr.
842 260 897 313 nr.
1162 242 1228 313 336

45 409 83 473 et
105 402 216 473 Gmto
238 404 453 477 oomiiintorss
474 408 581 477 eurise
602 408 684 476 seori
712 411 840 475 senemr
866 409 902 473 et
918 404 1096 472 eommunis
1115 403 1227 473 soletis
1246 408 1317 467 1140

43 522 99 589 rei
122 522 273 610 publione
293 530 528 611 promotores,
554 544 613 613 pro
635 524 785 612 possein
806 521 950 591 omnibus
970 520 1078 589 fidelia
1097 523 1229 591 servitis

43 642 81 706 et
104 638 247 707 Romsui
268 640 394 728 imperii
415 642 685 709 restnmntionem.

21 803 24 808 ·
146 754 190 823 Ut
210 757 277 823 ium
297 777 356 844 per
377 757 484 846 plures
506 757 628 827 litteras
649 757 757 845 regius
771 754 982 843 significatum
995 760 1046 823 est
1058 754 1228 841 maiestnti

43 871 217 959 ridentes,
239 874 408 961 imperium
429 874 605 943 Romanum
626 875 798 943 temerarie
816 874 1021 962 usurpatione
1043 871 1228 941 olorinorum

43 1006 67 1055 u
89 1008 156 1056 suo
171 990 280 1074 rigore
300 990 473 1078 piurimum
495 993 658 1078 desidioso,
681 1012 720 1059 ex
743 1012 805 1078 quo
818 990 979 1059 Romnum
998 987 1132 1079 populus
1146 988 1228 1056 mul·

42 1108 120 1173 tum
156 1105 363 1175 &detoratur
395 1114 480 1194 erat,
514 1108 555 1177 nd
587 1108 695 1177 orbem
722 1108 838 1175 rostris
870 1104 1003 1196 pedibus
1031 1105 1227 1174 subdendum

43 1220 175 1289 Ghristi
203 1223 322 1291 auxilie
350 1244 422 1293 oum
450 1244 572 1291 summo
599 1225 703 1293 studio
731 1230 877 1293 eenutmn
905 1222 1127 1307 relevnrimm3
1161 1222 1227 1311 qni,

42 1358 167 1427 pseem
189 1340 225 1407 in
238 1339 323 1409 Urbe
343 1360 533 1409 conservans
555 1345 588 1409 et
607 1341 766 1409 iustitium
782 1340 913 1427 ineieus,
935 1342 1034 1409 bonos
1048 1339 1227 1425 exultando,

43 1454 156 1523 melos
179 1462 287 1524 eutem
308 1456 450 1543 delendo,
479 1456 520 1525 ud
542 1457 779 1546 udipisoendum
800 1459 927 1547 imperii
948 1476 1111 1542 eoronam,
1141 1456 1228 1524 omni

43 1572 243 1641 olorinorum
265 1572 425 1643 obstsouio
446 1578 578 1661 remoto,
600 1580 725 1643 restrae
739 1575 888 1661 dignitati
901 1576 943 1643 ud
956 1574 1075 1644 Urbem
1088 1573 1228 1641 venienti

42 1708 194 1775 congrue
207 1690 292 1757 viem
313 1696 469 1779 preparet
501 1690 590 1771 Quod
612 1692 676 1759 inm
697 1698 764 1759 tam
785 1698 912 1760 senatus
928 1712 1023 1778 quem
1036 1712 1095 1759 nos
1110 1690 1228 1759 Christi

42 1808 159 1892 gretia
171 1806 308 1875 uiriliter
328 1807 469 1877 fecimus.
500 1807 583 1875 Nem
598 1806 747 1877 Gentium
761 1806 787 1876 F
788 1810 972 1896 rniepunem
994 1814 1026 1876 et
1043 1807 1126 1876 ilios
1140 1806 1228 1874 Petri

42 1920 181 2009 Leonis,
204 1944 283 2010 quos
304 1942 376 1991 oum
397 1944 483 2013 pape
505 1930 537 1993 et
552 1924 657 1993 Sioulo
678 1946 737 2014 pro
752 1928 851 1995 vestri
871 1924 1081 1993 minoratione
1100 1924 1228 2012 imperii

43 2039 254 2128 conspirasse
282 2040 500 2126 eognovimus,
530 2062 570 2111 er
591 2042 677 2111 Urbe
704 2042 875 2111 deiecimus
903 2049 936 2110 et
960 2061 1068 2110 eorum
1090 2041 1228 2129 plurimu

44 2155 135 2224 bone
157 2156 428 2244 depopulavimus,
449 2158 496 2225 its
510 2160 594 2247 quod
607 2160 697 2227 vobis
712 2158 860 2227 resistere
873 2159 960 2228 nullo
975 2159 1069 2226 modo
1084 2158 1226 2245 quibunt

43 2270 100 2339 Nil
125 2292 205 2359 ergo
229 2272 315 2340 uliud
336 2279 445 2360 restst,
468 2276 497 2341 si
518 2274 622 2363 plnoet
643 2276 743 2361 vobis,
765 2277 829 2344 nisi
849 2282 887 2343 ut
908 2276 1052 2345 oelen‘ter
1070 2274 1149 2342 Urbi
1170 2294 1226 2362 ep·

45 2390 273 2478 propinquetis
297 2394 329 2457 et
344 2390 461 2478 populo
475 2396 581 2458 uestro
596 2394 798 2478 summotis,
820 2394 979 2481 quonium,
1002 2389 1151 2479 quioquid
1172 2389 1227 2457 de·

46 2506 173 2574 siderut
188 2504 282 2574 Urbis
303 2526 358 2573 eor
379 2506 554 2593 imperiale,
575 2508 610 2575 in
632 2528 671 2576 en
692 2509 835 2577 obtinere
855 2508 967 2597 proeul
988 2506 1084 2575 dubio
1098 2506 1225 2596 poterit

46 2621 97 2690 De
112 2628 222 2691 oetero
236 2622 490 2690 commendamus
500 2624 589 2691 uobis
603 2624 661 2693 hos
674 2630 802 2692 nostros
814 2624 957 2709 nuntios,
967 2628 1089 2691 vestros
1101 2620 1227 2705 fidelesg

46 2758 125 2807 nam
147 2758 209 2827 pro
232 2740 331 2807 vestri
351 2740 469 2807 ameris
490 2738 642 2807 fidelitate
668 2740 739 2808 iilos
763 2741 804 2808 nd
824 2760 883 2809 uos
907 2741 1062 2808 misimus
1096 2738 1226 2806 Litteris

46 2876 178 2943 quoqne
199 2856 314 2924 restris
336 2874 503 2944 prooumur
518 2862 556 2923 ut
568 2876 627 2923 nos
641 2854 812 2926 laetifioure
826 2862 860 2926 et
871 2856 1028 2925 honorare
1042 2854 1224 2941 dignemini.

49 3068 142 3143 216.
165 3070 301 3139 Smne
322 3074 451 3162 quoidam
474 3073 651 3139 Custodem
665 3072 720 3140 ΙΠ
735 3096 839 3161 repom
861 3074 1013 3156 admonet,
1036 3083 1072 3141 ot
1090 3074 1226 3139 Romam

163 3190 268 3257 veniat
282 3190 443 3280 fhsonpno
459 3188 575 3276 popolo'
590 3191 739 3277 potestati
759 3191 908 3277 inopom
1064 3186 1119 3271 (M.
1136 3188 1224 3270 213.)

140 3320 464 3407 illustrissimoatque
475 3320 640 3407 magnifiee
652 3326 808 3389 terrerum
819 3321 906 3391 orbis
917 3320 1044 3389 domino
1055 3321 1225 3405 Gontrndo)
1245 3331 1315 3388 1149

49 3438 112 3509 Dei
134 3440 242 3525 grem
262 3436 475 3505 Romanorum
496 3440 565 3524 regi
586 3458 712 3526 sempor
732 3438 958 3527 triumphatori
978 3444 1123 3523 augusto,

200 3574 262 3642 quo
284 3553 398 3623 melior
418 3554 534 3639 nullos,
557 3554 609 3623 oui
629 3554 734 3623 nullus
755 3555 890 3623 inorbo
911 3556 1077 3641 secundus,

50 3672 184 3761 quidum
199 3669 302 3740 idelis
317 3674 455 3756 senatus,
471 3690 633 3740 serrorum
647 3672 731 3757 regis
744 3670 957 3758 fidelissimus,
973 3671 1122 3760 quioquid
1135 3676 1224 3740 teuto

51 3789 183 3859 domino
205 3787 347 3857 tantillus
368 3787 515 3855 famulus.

138 3905 271 3975 cereum
298 3925 337 3973 uo
362 3902 490 3973 firmum
517 3904 560 3971 sit
585 3905 691 3989 regius
718 3905 894 3991 maiestati,
920 3924 973 3973 mo
999 3904 1034 3971 in
1058 3908 1171 3983 senatu
1192 3908 1225 3971 et

52 4041 238 4111 quoeunque
258 4023 349 4111 potui
371 4022 412 4090 nd
425 4022 525 4089 uestri
542 4020 766 4091 exaltationem
780 4021 909 4110 imperii
922 4022 1082 4089 ermonem
1095 4040 1224 4109 operam

52 4139 191 4224 deniers
216 4143 249 4207 et
262 4138 379 4207 ideireo
394 4138 493 4224 vobis,
515 4137 591 4205 lieet
610 4138 760 4207 suduoter
778 4144 887 4206 temen
901 4136 1091 4206 confidenter
1105 4138 1223 4206 soribo:

245 4254 332 4324 Utile
353 4255 529 4341 eonsilium,
552 4255 708 4341 dominus,
730 4274 771 4323 ne
794 4255 921 4343 deepioe
942 4253 1035 4321 servi.

55 4370 89 4441 Si
108 4373 186 4443 lioet
208 4371 322 4460 inque
336 4392 427 4443 seruo
450 4373 576 4441 domino
598 4393 655 4441 suo
677 4370 844 4441 oomilium
866 4371 952 4456 duro,
973 4369 1073 4456 reguli
1087 4370 1224 4459 pruden-
