3117 4859
195 259 198 271 ’
331 264 395 332 18ss
608 338 614 353 ,
653 282 804 331 aramma
823 281 1012 331 semrom
1031 282 1170 331 ior-ios.

241 428 311 486 1148
328 424 398 491 miti
420 422 610 493 Namucensi
632 428 665 493 st
686 422 862 509 Hleiurico)
884 425 992 493 comiti
1014 425 1054 493 de
1073 422 1179 513 Rupe,
1206 424 1355 493 sdvocm
1376 422 1480 492 Stabu-

328 540 418 627 lensi‚
440 562 498 629 per
519 539 642 610 litteras
664 546 788 610 vesaas
810 540 988 628 significare
1009 541 1191 628 dignemini

329 806 415 878 105.
432 808 598 877 Helm-icas
618 812 833 879 Rornanorum
855 834 913 876 rea
934 809 1075 877 Ws'bcldo
1097 812 1210 895 scribit
1234 810 1489 902 quenadmodum

434 928 516 993 litem
540 929 695 994 &ononis
719 940 748 994 st
768 928 930 995 Eoercrds'
952 928 1126 994 decreverit.
1353 922 1408 1008 (bl
1425 922 1484 1007 88.)

236 1060 305 1117 1148
410 1058 577 1128 Heinricus
600 1060 662 1128 Dei
684 1062 791 1146 gratia
810 1060 1024 1128 Romanorum
1045 1082 1103 1129 rex
1125 1060 1295 1129 venerabili
1312 1059 1488 1127 Gorbeiensi

322 1182 354 1245 et
377 1174 556 1244 stabulensi
579 1176 687 1245 abbati
709 1178 847 1262 gratiam
869 1198 959 1244 suam
982 1182 1015 1245 et
1036 1198 1129 1251 omne
1151 1177 1276 1246 bonum

410 1292 555 1379 Causam,
580 1313 674 1380 quam
698 1294 739 1361 ad
761 1315 820 1361 nos
842 1293 999 1361 industria
1020 1300 1076 1362 tua
1097 1293 1248 1382 scriptam
1264 1293 1488 1377 transmiserat,

319 1408 486 1495 diligenter
521 1410 717 1497 inspeximus
748 1415 780 1476 et
808 1411 1071 1496 examinavimus,
1100 1416 1225 1478 ettam
1246 1408 1379 1477 consilio
1401 1429 1490 1495 quam

319 1525 437 1592 iudicio
469 1525 574 1593 curiae
601 1531 746 1611 nostrae,
784 1531 816 1593 ct
843 1528 994 1615 precipue
1021 1526 1275 1595 ministerialium
1301 1531 1490 1609 nmtrorum,

320 1643 510 1709 sententiam
534 1642 643 1709 iudicii
666 1663 761 1729 quam
783 1640 905 1710 Franco
927 1643 1061 1731 protulit
1082 1648 1185 1711 ratam
1208 1664 1276 1710 esse
1298 1643 1490 1723 censuimus;

319 1764 352 1825 et
378 1764 446 1825 tam
471 1758 577 1846 ipsum
603 1758 800 1827 Franconem
834 1779 929 1845 quam
962 1779 1031 1845 eos,
1066 1760 1121 1846 qui
1148 1760 1253 1847 ipsum
1280 1759 1384 1826 secuti
1411 1763 1489 1842 sunt,

317 1880 403 1943 recte
429 1874 600 1961 iudicasse,
631 1878 821 1943 auctoritate
842 1876 931 1961 regia
952 1870 1182 1944 confirmamus
1217 1874 1400 1964 Eapropter
1422 1894 1490 1941 con·

319 1991 503 2059 damnamus
531 1992 590 2060 tibi
613 1990 795 2060 Guononem
823 1992 1066 2059 ministerialem
1091 1998 1182 2059 tuum
1208 1992 1243 2059 in
1270 1992 1382 2059 decem
1404 1990 1490 2058 libris

322 2107 522 2175 denariorum
544 2109 696 2196 probatae
718 2116 874 2194 monetae,
898 2114 930 2176 et
952 2109 1084 2194 singulis
1104 2109 1277 2195 quibusque
1292 2107 1490 2196 comparibus

319 2229 352 2292 et
373 2224 703 2293 comministerialibus
727 2226 795 2292 suis
818 2226 853 2291 in
874 2226 975 2293 tribus
997 2224 1098 2311 libris,
1121 2225 1161 2293 de
1182 2224 1285 2293 banno
1307 2225 1410 2310 regio,
1433 2243 1491 2290 non

319 2338 421 2408 solum
449 2362 507 2429 pro
534 2341 737 2409 frustratoria
766 2340 977 2430 appellatione
1004 2346 1053 2409 set
1079 2341 1175 2408 etiam
1202 2362 1260 2429 pro
1287 2340 1491 2430 petulantiori

320 2458 468 2543 convitio,
492 2479 553 2544 quc
576 2459 722 2546 ipsorum
745 2458 925 2561 opinionem
946 2456 1106 2525 laceravit.
1144 2458 1192 2525 Tu
1215 2479 1298 2544 ergo,
1322 2458 1364 2525 dc
1386 2463 1492 2526 nostra

319 2576 423 2659 gratia
451 2580 483 2643 et
509 2575 705 2663 protectione
734 2572 887 2659 confisus,
918 2574 1015 2659 dilige
1042 2574 1216 2659 iusticiam,
1247 2579 1278 2641 et
1299 2574 1492 2642 iudiciumi

319 2690 410 2759 nobis
445 2688 665 2758 confirmatum
698 2689 822 2759 effecturi
855 2691 1036 2778 mancipare
1065 2711 1128 2758 non
1158 2690 1300 2776 differas,
1335 2698 1433 2778 atque
1459 2695 1492 2757 ut

319 2806 500 2876 Everardus
523 2808 629 2895 quiete
651 2807 822 2895 possideat,
846 2806 948 2874 modis
972 2807 1115 2875 omnibus
1139 2804 1261 2876 efficere
1283 2813 1423 2893 satagas.

325 3080 411 3153 106.
427 3082 592 3151 Helas-icas
606 3084 824 3151 Romanorum
841 3107 899 3150 res
916 3084 1057 3151 Ws'bcldo
1074 3085 1115 3151 ds
1134 3086 1223 3151 cismo
1242 3086 1293 3152 ab
1311 3086 1335 3153 8
1351 3085 1490 3175 Septem

433 3201 496 3267 bro
510 3198 714 3291 Francosrsrts'
736 3202 879 3268 babendo
898 3202 1062 3292 significat
1094 3198 1182 3267 Eam
1199 3202 1250 3269 ds'e
1264 3202 1284 3269 1
1303 3200 1492 3289 Sapientem

432 3315 671 3405 Narmderpcm
693 3318 738 3383 ad
757 3341 790 3383 aa
812 3318 916 3389 cenas
936 3316 1008 3382 salt
1351 3315 1410 3397 (ld.
1427 3315 1490 3397 89.)

233 3456 303 3513 1148
411 3448 579 3517 Heinricus
605 3449 667 3517 Dei
697 3450 802 3535 patio
827 3448 1040 3519 Romanorum
1066 3468 1125 3517 rex
1147 3446 1292 3517 Wibaldo
1319 3449 1490 3520 venerabili

239 3534 297 3591 Μ’
322 3565 505 3635 Corbeieusi
527 3564 633 3633 abbati
656 3568 777 3651 gratiae
799 3572 832 3633 et
852 3566 1029 3634 dilectionis
1051 3586 1127 3633 suae
1146 3564 1389 3653 plenitudinem.

411 3680 594 3751 Gratiarum
622 3684 759 3751 actiones
788 3689 862 3751 tuae
888 3683 1072 3751 discretim
1097 3682 1279 3768 referimus,
1308 3684 1365 3769 qai
1392 3682 1490 3751 fideli-

322 3801 397 3869 tatis
428 3804 461 3868 et
488 3798 665 3867 ddeetionis
693 3800 920 3885 constantiam,
949 3818 1045 3886 quarn
1072 3797 1200 3867 domino
1221 3804 1254 3867 et
1275 3800 1362 3888 patri
1384 3805 1489 3869 nosue

323 3918 446 3986 deferre
467 3918 669 4003 consuevisti,
690 3922 764 4005 post
787 3916 960 3985 disoesm
981 3916 1049 3985 eius
1064 3950 1106 3963 -
1121 3934 1253 4001 memor,
1276 3936 1341 4004 qua
1354 3917 1489 3987 familia·

323 4036 418 4103 ritate
440 4032 617 4103 dilectionis
640 4034 669 4102 ei
691 4033 817 4103 iunctus
837 4032 935 4101 iberis
955 4068 997 4079 -
1019 4034 1116 4101 etiam
1136 4033 1229 4101 nobis
1251 4033 1292 4100 ad
1313 4035 1418 4103 nostri
1435 4033 1488 4101 bo·

323 4152 409 4219 noris
431 4151 660 4219 incrementum
681 4155 750 4219 tum
773 4150 857 4239 apud
879 4150 969 4234 regni
983 4148 1143 4237 principes
1156 4154 1227 4217 tam
1241 4151 1327 4237 apud
1341 4152 1487 4219 domnum

322 4288 440 4356 papam
462 4268 662 4335 devotissime
685 4266 865 4335 exhibuisti
899 4264 990 4334 Unde
1010 4266 1161 4336 mmmm
1173 4266 1332 4336 voluntati
1347 4272 1423 4335 tuae
1434 4267 1486 4335 ob·

323 4384 412 4477 sequi
435 4384 582 4478 deinceps
599 4386 715 4454 snmus
730 4384 844 4477 parad
912 4381 1136 4455 Verumtamen
1156 4383 1240 4475 quia,
1259 4385 1484 4457 communicato
