3117 4859
313 240 379 309 356
692 254 841 303 wmsnm
861 252 1027 301 nrssnons
1048 251 1102 299 aas.

223 406 293 461 1150
310 392 418 467 eornm
440 397 624 485 imperatori
647 402 796 482 augusto,
820 394 963 480 sublimi,
985 392 1228 478 Porfirogenito,
1250 391 1344 475 felici,
1366 390 1476 458 fratu-

223 479 287 525 Μ’
309 537 383 583 nam
406 515 606 583 dilectionem
629 520 661 581 et
683 534 775 581 omne
797 514 923 581 bonum.

398 632 522 711 Quanta
543 652 600 697 nos
623 630 769 697 karitatis
793 636 825 696 et
846 629 1020 696 devotionis
1043 627 1204 711 instantis,
1228 629 1346 711 quanto
1360 622 1436 689 fidei
1449 631 1480 689 et

308 747 496 815 humilitatis
517 748 621 814 studio
644 748 678 813 in
701 746 799 813 sacrm
822 745 932 813 edibus
949 726 1076 828 gloriosi
1090 740 1216 829 imperii
1229 742 1278 807 tui
1292 740 1480 827 susceperis,

308 869 426 951 quanta
458 863 663 930 humanitatis
698 868 730 929 et
762 862 961 931 liberalitatis
989 860 1092 944 gratia
1117 860 1152 924 in
1178 858 1260 924 lecto
1286 856 1481 923 infirmitatis

307 986 414 1048 nostre
437 1000 500 1047 non
522 979 624 1047 solum
645 999 703 1066 per
724 984 796 1045 tuos
818 983 851 1045 et
872 984 927 1045 tna
949 981 998 1043 set
1024 976 1120 1042 etiam
1141 974 1175 1040 in
1196 975 1328 1062 propria
1348 992 1483 1059 persona

309 1101 341 1163 et
361 1096 499 1183 propriis
521 1095 668 1163 manibus
690 1095 931 1178 ministraveris,
954 1098 1029 1159 tunc
1043 1091 1199 1175 videlicet,
1222 1091 1350 1175 quando
1371 1108 1483 1155 manus
1557 1171 1558 1176 ἵ

308 1212 369 1280 Dei
391 1212 616 1299 omnipotentis
638 1232 696 1279 nos
718 1232 783 1278 non
805 1210 908 1278 solum
929 1211 963 1275 in
984 1208 1174 1275 detrimento
1195 1206 1303 1273 amissi
1325 1206 1483 1272 exercitus

308 1350 418 1397 verum
440 1329 537 1395 etiam
560 1328 594 1394 in
609 1328 739 1396 verbere
755 1326 927 1414 corporalis
943 1324 1147 1409 egrotationis
1161 1328 1375 1409 percusserat,
1398 1320 1484 1388 nulla

308 1450 413 1532 potest
440 1464 547 1511 rernm
576 1444 691 1512 oblivio
718 1445 757 1511 ab
780 1445 884 1511 anime
906 1447 1013 1509 nosue
1034 1441 1139 1508 tenaci
1161 1439 1315 1507 memorie
1337 1437 1482 1505 evellere.
1557 1433 1558 1450 ¹

307 1559 383 1627 Pari
410 1580 533 1646 quoqne
561 1566 594 1627 et
620 1560 716 1627 simili
738 1560 965 1627 recordationis
987 1558 1164 1626 constantia
1185 1556 1282 1622 lixum
1306 1557 1419 1621 animo
1440 1560 1484 1620 te·
1557 1543 1558 1620 l

308 1696 428 1761 nemus,
453 1697 513 1763 que
535 1678 631 1744 fuerit
653 1678 735 1743 inter
757 1696 815 1743 nos
838 1682 946 1743 mutue
967 1674 1124 1762 pactionis
1146 1672 1306 1757 obligatio,
1330 1671 1414 1758 qnid
1433 1676 1485 1736 tue

308 1792 487 1859 celsitudini
509 1794 780 1881 spoponderimus,
805 1793 881 1879 qnid
902 1790 1053 1879 perficere
1074 1790 1321 1878 promiserimus.

399 1908 455 1976 Set
468 1928 540 1976 cum
556 1930 575 1975 a
589 1909 791 1977 sublimitatis
808 1914 863 1975 tue
877 1928 974 1993 regno
997 1906 1202 1994 corporaliter
1216 1905 1483 1987 discessissemus,

308 2026 342 2091 in
360 2044 421 2110 qno
443 2046 500 2093 nos
522 2046 579 2113 per
601 2024 696 2092 fidem
718 2031 751 2093 et
771 2024 1016 2092 benivolentiam
1037 2023 1181 2091 habiture
1203 2022 1372 2106 sentimus,
1395 2022 1483 2106 inpe-
1557 2053 1558 2104 v

308 2142 401 2225 rium,
425 2142 508 2227 qnod
530 2140 620 2208 nobis
642 2160 814 2229 asuperna
826 2142 992 2208 maiestate
1006 2139 1155 2207 collatum
1171 2144 1229 2223 est,
1250 2138 1436 2205 invenimus
1451 2137 1483 2201 in

309 2256 494 2342 quibusdam
518 2258 661 2344 partibus
676 2260 741 2325 suis
764 2278 804 2325 ex
818 2257 980 2323 occasione
993 2256 1104 2341 longe·
1121 2255 1262 2323 absentie
1283 2259 1398 2322 nostre
1420 2258 1483 2319 tur·

308 2373 425 2441 batum.
470 2373 524 2439 Ad
552 2395 629 2459 qnos
659 2380 762 2442 motus
786 2373 1037 2460 comprimendos
1061 2378 1093 2440 et
1113 2392 1225 2459 pacem
1246 2370 1482 2439 reformandam

309 2490 383 2555 durn
406 2494 473 2555 tota
496 2490 598 2556 cordis
621 2492 795 2558 intentione
810 2490 1012 2576 accingimur,
1035 2488 1130 2556 Pater
1143 2487 1199 2556 ille
1212 2488 1408 2573 misericors,
1432 2484 1483 2573 qni

307 2604 446 2689 flagellat
468 2626 593 2672 omnem
615 2605 715 2673 filium
739 2627 832 2693 quem
853 2606 967 2694 recipit
975 2602 993 2691 ¹,
1021 2606 1163 2673 extendit
1182 2625 1313 2673 manum
1334 2624 1431 2671 snam
1452 2604 1483 2668 in

308 2718 536 2805 retribuendo’,
559 2724 709 2809 gravique
733 2724 874 2791 terciana
894 2723 982 2790 febre
1004 2727 1179 2790 maceratos
1202 2742 1260 2788 nos
1276 2742 1412 2809 prorsus
1427 2722 1483 2786 im·
1557 2789 1558 2812 ,

307 2837 435 2904 becilles
459 2843 490 2905 et
512 2838 577 2906 sere
599 2840 725 2906 inutiles
747 2859 806 2926 per
827 2858 884 2905 sen
906 2834 1080 2905 mensium⁸
1101 2840 1240 2925 spatium
1263 2838 1412 2905 detinuit
1450 2835 1483 2903 Si
1557 2821 1558 2854 ³

308 2953 424 3039 itaque,
441 2954 507 3022 Deo
522 2956 723 3042 impediente,
747 2956 945 3042 propositum
959 2960 1104 3022 nostrum
1118 2956 1160 3022 ad
1176 2962 1302 3042 tempus
1318 2961 1368 3021 est
1383 2959 1482 3021 retar-

309 3070 428 3155 datum,
451 3090 514 3137 non
537 3076 643 3138 tamen
659 3078 707 3139 est
723 3073 850 3138 omnino
867 3076 1069 3155 evacuatum3
1092 3076 1124 3138 et
1138 3070 1358 3158 promissionis
1375 3075 1482 3137 nostre

309 3184 436 3253 effectus
469 3188 570 3270 magis
604 3192 652 3254 est
680 3188 795 3255 dilatus
829 3206 922 3273 qnam
950 3188 1130 3254 frustratus.
1181 3187 1234 3254 Ad
1268 3188 1481 3255 excusandam
1557 3263 1558 3268 ἵ

308 3302 415 3388 itaque
437 3306 543 3369 nostre
565 3323 653 3370 more
675 3305 912 3389 necessitatem,
942 3304 982 3370 ad
1008 3303 1208 3371 salutandam
1229 3309 1283 3370 tue
1305 3302 1481 3370 nobilitatis
1557 3279 1558 3356 f

309 3419 492 3505 sospitatem
515 3419 640 3486 mittere
663 3422 842 3487 curavimus
870 3440 943 3487 cnm
969 3420 1085 3487 litteris
1107 3420 1307 3509 presentibus
1329 3419 1480 3485 nnncinm
1557 3445 1558 3460 ÷

309 3533 441 3603 celerem
465 3540 497 3602 et
519 3536 716 3622 expeditum3
741 3537 795 3624 qui
819 3535 858 3603 de
879 3542 989 3603 nostra
1004 3537 1088 3604 bona
1108 3536 1282 3604 valitudine
1304 3540 1428 3602 certum
1450 3538 1480 3599 tc

309 3656 341 3717 et
361 3650 502 3739 hylarem
526 3650 673 3737 efficeret,
698 3657 730 3719 et
751 3673 809 3719 nos
830 3653 1002 3720 identidem
1018 3653 1057 3719 de
1071 3659 1128 3721 tna
1142 3659 1175 3720 et
1188 3651 1272 3719 filiae
1286 3657 1408 3737 nostre,
1429 3656 1480 3717 tue

307 3764 465 3851 coniugis⁴
487 3767 653 3834 karissime
675 3768 864 3855 imperiique
886 3771 1055 3855 consortis,
1078 3770 1232 3857 sospitate
1258 3772 1290 3836 et
1313 3768 1353 3835 de
1374 3786 1478 3836 rerum

307 3889 483 3951 vestrarum
504 3885 714 3973 prosperitate
736 3884 911 3954 letificaret.

379 4066 400 4101 a.
420 4052 502 4113 longua
518 4072 538 4100 c.

379 4149 405 4205 1.
424 4147 508 4204 Hebr.
521 4148 563 4216 12,
576 4148 601 4202 6.
674 4148 700 4203 2.
724 4150 769 4204 Ps.
783 4149 826 4219 54,
838 4152 881 4204 21.
954 4151 980 4205 3.
1004 4148 1033 4204 id
1052 4154 1096 4205 est
1112 4150 1177 4207 inde
1194 4150 1230 4207 ab
1249 4154 1370 4206 exeunte
1388 4161 1476 4205 mense

308 4228 437 4306 Angusto
449 4238 513 4291 anni
526 4237 595 4291 1149
614 4238 679 4306 (quo
691 4241 816 4308 tempore
828 4254 859 4294 se
870 4242 1015 4308 aegrotare
1027 4238 1162 4308 coepisse,
1177 4238 1320 4296 conradus
1331 4239 1363 4294 in
1375 4255 1417 4308 ep.
1426 4237 1474 4293 tlt

308 4324 403 4391 beer
425 4324 496 4379 inira
517 4324 665 4394 significat)
694 4327 729 4381 ad
756 4342 878 4382 mensem
901 4326 1081 4383 Februarium
1107 4344 1133 4383 a.
1152 4329 1230 4384 1150.
1313 4328 1341 4385 4.
1366 4328 1474 4384 Eirenes

309 4425 332 4465 s.
346 4410 471 4479 Berthae,
489 4428 559 4481 quae
578 4418 637 4470 erat
653 4430 731 4471 soror
749 4414 893 4472 Gerbudis
911 4416 1031 4487 reginae.
