3117 4859
312 256 314 259 ⁵
345 279 411 347 388
724 298 874 345 wmsnnr
894 296 1060 347 semrom
1082 299 1136 347 eu.

256 444 327 501 1150
343 460 415 507 rum
428 443 612 527 provectum
627 440 858 509 essumeximus
872 446 905 508 et
918 440 1102 509 institimus.
1135 440 1231 508 Cuius
1246 440 1366 508 leteris
1379 442 1511 509 meum

231 576 233 585 ·
342 576 399 624 vos
421 556 456 623 in
470 560 647 625 veneram
669 554 888 625 emolumentis
904 563 937 625 et
951 558 1148 646 promotione
1162 558 1314 646 udeptum
1328 559 1394 625 iem
1406 558 1512 643 muse,

342 672 426 741 inter
452 673 605 761 precipue
628 672 833 759 gratulemur.
922 674 1138 743 Excellentiue
1157 695 1233 743 vero
1255 679 1383 742 vestrm
1404 694 1512 759 seggo·

342 790 458 874 rimus,
486 789 572 877 qued
592 788 769 860 Folowinus
792 790 831 858 de
854 788 1065 861 Suulenlrerch
1092 792 1208 859 multus
1235 798 1269 860 et
1297 790 1422 878 emplss
1443 812 1512 879 pes·

342 907 497 975 sessiones
518 906 614 975 hebet
636 928 656 975 e
677 906 859 976 Gerbeiensi
881 907 1047 995 aecclesie,
1071 915 1103 977 ot
1123 914 1191 977 tem
1212 910 1282 997 ipse
1306 928 1406 994 quum
1426 912 1515 995 perer

342 1023 500 1111 quendem
527 1044 601 1091 suus
624 1022 831 1092 Wrdekindus
857 1023 991 1093 fideliter
1017 1045 1054 1094 ec
1075 1024 1292 1093 familiariter·
1314 1024 1515 1113 predecesso-

341 1140 429 1208 ribus
455 1140 572 1209 nestris
600 1145 631 1209 et
652 1140 743 1208 nobis
764 1145 834 1209 tum
855 1147 986 1229 proptor
1007 1142 1202 1211 vicinitatem
1222 1146 1293 1207 tum
1313 1147 1450 1229 propter
1468 1142 1517 1208 in-

341 1256 497 1325 dustrium
518 1276 609 1325 suem
631 1257 748 1325 servire
771 1262 1009 1326 consueverunt
1039 1257 1175 1327 Veniens
1190 1258 1287 1343 igitur
1301 1258 1345 1327 ed
1358 1277 1419 1325 nos
1434 1257 1517 1325 idem

341 1371 544 1459 Flolcuinus)
565 1378 639 1462 pest
651 1373 789 1442 reditum
802 1378 946 1441 nostrum
961 1395 980 1442 e
994 1371 1109 1461 curis,
1132 1394 1260 1460 gravem
1275 1374 1442 1460 querelem
1454 1394 1516 1441 nou

341 1490 444 1559 solum
468 1491 560 1560 nobis
583 1496 632 1559 set
653 1490 809 1559 universis
831 1491 987 1579 episcopis
1011 1490 1149 1559 Saxonis
1170 1496 1203 1558 et
1225 1490 1296 1558 eliis
1317 1490 1517 1579 principibus

341 1606 488 1695 deposuit
514 1608 554 1676 de
580 1608 707 1676 domino
730 1612 763 1677 et
782 1612 875 1696 petre
897 1613 1005 1675 nostro
1027 1608 1200 1677 venerabili
1220 1606 1435 1692 Bternlrerdo)
1457 1606 1518 1674 Ps-

340 1722 561 1793 therburnensi
576 1725 738 1813 episcopo:
762 1723 855 1810 quod,
878 1744 951 1791 eum
965 1724 1111 1792 dominus
1132 1730 1164 1793 et
1178 1725 1345 1813 opiscopus
1360 1730 1395 1793 et
1409 1730 1518 1811 pestes

341 1841 464 1911 enimes
485 1840 586 1929 ipsius
609 1842 736 1927 existet,
759 1859 832 1909 eum
853 1841 893 1907 de
916 1839 991 1908 ovili
1013 1846 1046 1908 et
1068 1841 1107 1910 de
1122 1862 1218 1926 grege
1232 1861 1289 1908 suo
1304 1843 1518 1927 sequestravit

341 1962 373 2025 et
395 1955 497 2026 nlieno
519 1957 634 2025 iudicio
657 1962 767 2026 contre
789 1976 934 2043 conones,
957 1962 1068 2027 conus
1080 1956 1176 2043 leges,
1199 1962 1448 2025 contremerem
1462 1978 1519 2026 ex·

340 2074 461 2162 posuit;
484 2094 556 2143 curn
577 2094 613 2143 se
628 2079 748 2143 asseret
761 2079 872 2142 netum
888 2078 921 2143 et
933 2078 1079 2142 reustum
1093 2079 1127 2141 et
1139 2073 1323 2142 sinodaliter
1337 2074 1518 2143 subiectum

339 2188 622 2260 Putherbnrnensis
651 2189 835 2274 eecclesiee3
864 2195 897 2259 et
923 2210 1055 2259 uxorem
1081 2191 1187 2278 potius
1216 2190 1252 2257 in
1278 2210 1337 2257 sue
1362 2191 1439 2258 inre
1458 2210 1519 2279 per

339 2308 578 2376 matrimonium
610 2308 747 2377 tremine
780 2328 876 2394 quum
903 2306 1009 2395 ipsum
1038 2308 1235 2375 inlumines
1262 2306 1348 2391 leges
1374 2308 1520 2391 migrare

339 2423 499 2509 debuisse3
528 2431 561 2493 et
583 2426 611 2493 si
633 2426 770 2493 coniunx
792 2444 857 2493 non
879 2429 978 2509 esset,
1005 2429 1113 2492 temen
1135 2424 1177 2491 ed
1203 2424 1306 2490 lerum
1331 2425 1379 2491 rei
1401 2425 1518 2511 pocius

340 2562 435 2628 quem
464 2542 504 2609 ed
531 2542 677 2630 petitoris
701 2542 753 2628 egi
776 2527 962 2629 oportuisse
1008 2539 1106 2609 Porro
1128 2539 1168 2608 de
1190 2544 1297 2607 vestre
1317 2539 1519 2609 emunitate

338 2658 440 2728 mults
461 2664 649 2746 conquestus
672 2664 730 2745 est,
753 2657 847 2745 qnod,
871 2677 942 2725 cunr
963 2658 998 2725 in
1020 2676 1116 2725 ceusu
1137 2656 1237 2745 ipsius
1259 2656 1355 2726 iudex
1375 2657 1517 2743 iueriffl,

338 2774 440 2845 mults
466 2781 499 2844 et
519 2776 554 2843 in
575 2776 684 2844 multis
707 2774 893 2861 gravamine
913 2774 957 2841 sit
977 2794 1146 2862 perpessus
1168 2778 1217 2859 et,
1247 2774 1321 2841 dum
1342 2795 1377 2842 se
1399 2774 1444 2842 ud
1465 2776 1516 2843 iu·

338 2892 463 2961 sticiem
491 2892 707 2980 exequendum
735 2897 867 2980 penetus
895 2896 980 2960 esset
1007 2890 1171 2977 exhibere,
1201 2891 1240 2959 eb
1263 2892 1393 2959 ermetis
1415 2892 1518 2961 tuerit

338 3008 466 3077 invasus
496 3014 528 3077 et
554 3013 621 3077 tem
643 3010 727 3077 vitae
755 3028 852 3095 quern
878 3008 1007 3076 honoris
1034 3009 1085 3075 sui
1111 3007 1288 3096 pericnlum
1314 3007 1514 3078 sustinuerit.

338 3122 403 3193 Nos
418 3124 535 3213 itaque,
556 3124 696 3194 adhibite
712 3124 914 3213 prudentium
930 3145 967 3193 ec
980 3124 1200 3211 religiosorum
1213 3126 1353 3193 virorum
1366 3124 1516 3210 consilio,

339 3240 518 3329 exesperuti
541 3242 638 3309 enimi
659 3246 817 3311 tumerem
839 3240 971 3310 delinire
994 3246 1026 3310 et
1047 3262 1235 3329 componere
1256 3242 1451 3327 studuimus,
1478 3248 1517 3309 nt

338 3356 544 3427 christianum
571 3357 782 3429 humilitatem
809 3358 964 3447 reciperet
992 3363 1025 3426 et
1050 3357 1172 3445 legibus
1199 3358 1313 3427 divinis
1336 3378 1374 3426 sc
1393 3358 1516 3427 vermis

339 3478 372 3543 et
404 3475 454 3543 sui
487 3475 628 3563 episcopi
657 3476 814 3544 mendatis
842 3476 974 3544 devotus
1002 3476 1241 3565 obtemperaret.
1292 3475 1382 3555 Quod
1411 3458 1516 3562 usqne

339 3590 427 3677 adeo,
450 3588 519 3660 Deo
541 3598 757 3681 prosperante,
779 3598 960 3681 promotum
981 3595 1040 3679 est,
1062 3597 1098 3659 nt
1116 3592 1242 3660 domino
1256 3598 1364 3660 nostre
1378 3590 1515 3661 Petier-

337 3705 489 3776 bnrnensi
518 3708 664 3797 episcope
686 3709 777 3777 iuxta
799 3710 965 3778 consilium
986 3714 1131 3777 nostrum
1152 3708 1332 3777 obedienter
1353 3708 1515 3788 ethemi-

336 3822 410 3891 liter
437 3823 476 3891 de
498 3825 586 3891 omni
606 3827 855 3895 murmuratione
878 3832 910 3895 et
931 3826 1068 3915 quedem
1090 3826 1182 3913 qnesi
1201 3824 1386 3911 rebellione,
1414 3846 1515 3913 quum

338 3938 488 4009 adversus
511 3940 616 4029 ipsum
638 3941 802 4030 hebuerut,
824 3942 1020 4013 satisfaceret
1042 3947 1075 4012 et
1096 3943 1137 4010 ad
1157 3942 1398 4031 promerendum
1418 3942 1514 4011 ubso-

335 4055 489 4125 lutionem
516 4061 610 4145 etque
633 4058 674 4126 ed
696 4059 910 4148 recipiendum
931 4080 1020 4130 more
1042 4059 1213 4127 christiano
1234 4058 1408 4144 legitimum
1430 4080 1513 4127 nro-

336 4192 406 4243 rem
426 4174 600 4243 festinaret
636 4172 773 4245 Proinde
791 4176 1004 4245 venerabilem
1024 4176 1115 4245 nobis
1137 4174 1355 4244 celsitudinem
1371 4181 1511 4245 vestm

408 4347 430 4380 ι
449 4324 566 4383 mileril
578 4352 598 4382 c.

408 4418 434 4473 1.
452 4424 517 4488 pest
533 4420 602 4490 sps.
613 4420 658 4479 20.
682 4422 719 4481 V.
735 4436 780 4493 ep.
792 4422 845 4479 251
863 4423 1058 4494 superesse
1075 4440 1102 4480 n
1118 4424 1145 4480 3.
