3117 4859
341 254 408 322 494
674 271 825 320 mmmm
844 269 1032 320 nrrsronsn
1051 268 1107 319 soe
1123 252 1178 320 sss

252 419 323 476 1152
427 413 565 481 Audisse
586 411 743 480 credimus
766 411 985 481 excellentium
999 418 1150 498 uestram,
1173 413 1258 500 quod
1278 414 1381 482 felicis
1393 436 1509 484 mmo·

287 493 407 598 br‘rice
421 531 567 598 dominus
582 529 740 615 quondum
750 534 869 614 noster,
882 528 1011 596 inclitus
1020 529 1235 598 Romnuorum
1244 551 1304 599 rex
1314 531 1511 616 &sordui

340 665 398 713 nos
425 646 467 712 sd
493 639 643 713 domnum
671 665 788 733 pspsm
814 650 847 714 et
874 645 916 712 ud
937 646 1050 713 urbem
1070 645 1203 714 Romam
1225 667 1285 734 pro
1307 648 1404 716 rebus
1424 650 1513 734 regui

341 761 470 847 agendis
492 763 719 830 transmiserat
753 761 810 830 Set
830 766 904 830 cute
925 762 1061 830 reditum
1084 767 1239 848 nostrum
1263 763 1393 832 domiuo
1406 771 1514 832 uostm

340 877 593 948 walciodorense
616 873 745 946 ebbote¹
767 879 851 946 viem
872 879 1039 947 universes
1060 881 1164 947 cornis
1186 879 1346 966 ingresso,
1374 887 1446 949 orto
1466 887 1516 950 est

340 995 494 1062 dissensio
521 997 604 1063 inter
630 994 800 1064 monsehos
821 993 1091 1064 walciodorenses
1117 1002 1151 1064 et
1171 995 1396 1066 Hosterisnses
1422 1019 1515 1086 supa

341 1111 492 1180 electione
519 1112 618 1179 futuri
647 1112 784 1194 obbatis3
813 1131 871 1199 pro
899 1131 963 1198 qun
989 1115 1203 1180 oontmuersin
1229 1115 1438 1182 tsrminmrds
1460 1135 1515 1181 ros

341 1229 460 1296 eisdem
481 1229 642 1296 monscbis
664 1227 768 1296 locum
790 1233 823 1296 et
844 1228 929 1296 diem
942 1227 1108 1314 prebuisse
1121 1229 1347 1298 intelleximus.
1381 1231 1429 1298 Et
1441 1251 1516 1318 quo-

340 1345 426 1412 nism
448 1345 598 1412 msudotn
619 1345 727 1412 domni
748 1364 852 1432 pspse
874 1344 976 1412 edbuc
996 1345 1032 1411 iu
1048 1346 1194 1414 munibus
1209 1346 1374 1432 babemus,
1400 1348 1515 1416 disere

340 1463 436 1528 tionis
458 1467 582 1528 vestroe
604 1461 736 1548 pedibus
759 1462 865 1528 enims
887 1461 1038 1546 advoluti,
1060 1461 1287 1547 benignitatem
1301 1468 1449 1530 restrnm
1468 1465 1515 1531 in·

340 1578 418 1646 time
444 1597 606 1662 rogemus,
633 1583 670 1644 ut
695 1598 754 1665 pro
782 1579 959 1646 reverentis
985 1576 1126 1646 eiusdem
1152 1578 1260 1646 domni
1287 1599 1397 1666 papae
1426 1600 1516 1664 ngas

341 1713 413 1762 cum
428 1695 473 1762 eis
488 1693 651 1778 differetis,
674 1693 773 1762 donee
789 1731 831 1740 -
843 1694 986 1763 ordinsto
1001 1714 1059 1780 per
1073 1694 1298 1780 omnipotentis
1312 1695 1376 1762 Dei
1392 1697 1516 1764 missi-

341 1812 480 1880 cordiam
507 1831 589 1878 novo
616 1831 706 1895 rege,
735 1830 793 1897 pro
821 1811 909 1878 cuius
936 1809 1086 1878 electione
1107 1810 1267 1897 principes
1288 1813 1383 1896 regni
1407 1814 1516 1880 crebrn

341 1929 405 1995 iem
427 1929 511 1996 inter
532 1949 566 1994 se
588 1927 705 1994 hebent
728 1925 884 2013 colloquio
904 1931 937 1994 et
950 1947 1007 1994 nos
1022 1946 1080 2013 pro
1095 1928 1214 1994 recenti
1228 1926 1390 2011 legatione
1406 1928 1516 1996 lteliss

343 2045 451 2112 obesse
472 2063 537 2111 nou
551 2043 739 2130 permittunt
754 2077 796 2088 -
813 2042 916 2109 eidem
936 2061 1050 2111 enneae
1070 2043 1223 2110 interesse
1244 2045 1420 2131 possimus
1455 2045 1517 2112 Nee

343 2162 428 2228 enim
452 2161 562 2228 metris
584 2165 710 2226 nostroe
732 2155 994 2227 Wslciodoremis
1017 2158 1185 2228 eecclesiae
1205 2159 1331 2228 labores
1352 2161 1517 2246 negligus

342 2276 491 2344 debemus
519 2282 574 2343 snt
594 2275 755 2360 volumus,
784 2275 861 2361 quin
889 2276 919 2344 ei
946 2277 1090 2344 inomni
1111 2277 1299 2344 necessitate
1319 2297 1399 2362 sun,
1430 2278 1518 2346 sslrs

342 2392 506 2478 dignitatis
529 2397 653 2461 vestroe
680 2391 859 2460 reverentis
886 2396 918 2459 et
944 2397 1070 2460 senene
1091 2392 1241 2461 Metensis
1264 2393 1445 2462 eecclesiae
1464 2395 1518 2461 bo-

343 2529 429 2594 nore,
453 2510 630 2590 subservire
653 2509 757 2596 peisti
780 2510 905 2576 simus&

346 2765 433 2838 366.
453 2769 610 2837 Ws'baldns
628 2769 924 2836 Wclcr'odoreosibcs
945 2770 1057 2849 scribit,
1080 2791 1113 2832 ss
1122 2781 1197 2854 post
1211 2769 1337 2834 cleonem
1350 2793 1466 2856 reyem
1478 2773 1519 2836 sis

455 2885 563 2975 affore.
607 2886 704 2951 Mittit
725 2885 863 2973 Enyens'i
881 2881 944 2950 III
960 2885 1076 2951 bodam
1103 2907 1290 2973 moneoque
1311 2887 1357 2950 ad
1377 2887 1518 2976 Stepho-

453 3024 528 3066 onm
558 3003 734 3088 episcopios
761 3003 927 3067 Meteonem
954 3011 983 3066 et
1009 3003 1054 3066 ad
1075 2998 1286 3066 Hostes-isocen
1312 3003 1518 3090 epistolarum

455 3117 605 3202 exempla.
1348 3115 1406 3198 (Μ.
1427 3119 1517 3200 342.)

255 3260 325 3316 1152
432 3245 544 3312 Freter
566 3244 752 3331 Wlibsldus)
775 3249 837 3318 Dei
859 3250 961 3334 gretie
981 3248 1030 3334 id,
1057 3248 1139 3335 quod
1162 3249 1241 3316 est
1231 3269 1265 3314 m
1285 3249 1446 3318 aecclesie
1467 3273 1517 3319 cn·

260 3334 470 3446 Fabrthelica,
493 3361 595 3428 dilect'
573 3366 614 3427 trs
629 3361 663 3427 in
678 3362 804 3432 Christo
823 3366 973 3434 iratribus
994 3366 1059 3432 suis
1077 3366 1232 3431 uniuersis
1246 3363 1517 3436 walciodorensis

346 3477 513 3546 eecclesiae
535 3475 608 3544 filiis
631 3477 880 3549 benedictionem
902 3488 934 3549 et
954 3483 1053 3549 ritem
1074 3481 1229 3568 usquein
1252 3483 1402 3549 seculum.

433 3594 551 3662 Audito
573 3613 631 3681 per
651 3595 769 3664 famem
793 3599 880 3666 obitu
896 3599 1058 3666 reverendi
1072 3599 1173 3686 putris
1187 3596 1317 3685 nostri²,
1338 3599 1518 3687 plurimum

344 3717 475 3802 propter
496 3709 685 3798 multiplices
708 3714 877 3782 eecclesiae
892 3721 1014 3784 vestroe
1035 3714 1169 3800 labores,
1192 3735 1269 3802 quos
1285 3717 1320 3783 in
1334 3737 1446 3784 rerum
1461 3738 1519 3786 no-

345 3829 443 3898 vitnte
456 3828 579 3895 futuros
594 3829 809 3917 formidemus,
830 3834 934 3900 animo
948 3833 1037 3900 vobis
1052 3831 1282 3916 condoluimus;
1305 3838 1338 3899 et
1350 3835 1518 3922 precipue,

344 3966 416 4015 oum
438 3946 477 4014 de
498 3945 594 4014 uerbo
617 3945 777 4016 electionis
799 3945 939 4016 uestrm⁸
961 3949 1188 4033 intelleximus,
1212 3967 1292 4036 quse
1313 3949 1518 4018 universitati

344 4069 468 4132 rosbes
489 4062 609 4130 nullam
631 4064 758 4132 omuino
780 4065 949 4134 utilitatem
972 4065 1082 4135 efferre
1104 4065 1222 4154 poterit
1241 4072 1274 4133 st
1287 4085 1442 4154 personas
1457 4087 1518 4134 no-

431 4242 437 4255 ·
470 4223 485 4254 u
508 4221 536 4254 ll!
552 4225 572 4257 σε

375 4221 632 4442 suffunderetur.
686 4295 713 4350 2.
725 4293 889 4352 Theoderici
901 4295 1010 4352 abbatis
1022 4293 1263 4352 walciodorensis.
1310 4293 1515 4365 adtendit}

344 4383 373 4439 iu
433 4384 536 4454 esse.
