3117 4859
258 205 303 274 88
608 221 758 270 wmmmr
777 219 965 270 nrrsronsn
986 221 1023 268 11.
1040 221 1078 268 12.

161 371 232 430 1137
210 364 466 495 ιιιροῐνοιιὶιιὲίο,
494 364 535 432 ab
557 363 703 432 omnibus
725 362 796 432 aliis
820 362 1041 432 abstinendum
1063 367 1127 447 eet,
1157 367 1189 430 ct
1209 360 1350 446 lembure
1371 381 1431 450 pro

148 445 424 551 memmi
449 481 596 565 ecclesia,
624 501 705 567 quse
728 479 898 566 singularis
920 479 1085 547 Romani'
1075 479 1202 567 imperii
1223 498 1349 547 mmm
1370 485 1431 564 est,

259 599 490 668 decertandum
537 597 620 678 Quid
652 603 756 666 autem
790 597 892 683 magis
925 595 1117 682 legitimum,
1156 615 1251 683 quam
1282 601 1319 662 ut
1351 615 1433 684 prae

258 714 402 784 omnibus
431 721 465 782 et
491 720 565 782 ante
593 715 700 782 omnia
720 733 864 782 carneres
885 718 1009 782 rosbes
1032 733 1141 782 curum
1162 712 1321 798 habeatis,
1349 733 1433 800 quae

258 837 441 900 cunctorum
467 833 732 900 monasteriorum
759 836 855 918 ceput
884 836 917 898 et
943 835 1045 897 muter
1073 834 1137 916 est,
1166 849 1246 916 qnae
1268 834 1373 897 vestm
1396 830 1432 896 in

257 955 401 1035 tempore
431 949 528 1016 tenth
562 968 600 1016 ac
630 954 697 1016 tam
730 947 921 1016 immanibus
953 947 1129 1016 succumbit
1161 947 1228 1016 sins
1256 947 1432 1014 cessatione

257 1064 427 1154 periculis?
460 1065 605 1152 Denique
628 1067 657 1133 si
678 1064 859 1133 casinensis
883 1064 1031 1150 ecclesia,
1054 1083 1135 1152 quas
1158 1068 1339 1132 cunctorum
1361 1081 1432 1130 mo-

258 1181 468 1249 nesteriorum
496 1187 592 1268 eaput
620 1185 683 1266 eet,
711 1182 814 1266 viget,
850 1186 956 1248 cetera
983 1181 1148 1266 coenobia,
1180 1199 1260 1267 quae
1287 1179 1434 1248 membre

258 1298 327 1366 sius
349 1303 433 1384 sunt,
458 1299 601 1384 quamvis
624 1298 784 1384 languide,
807 1298 1014 1385 recuperandi
1028 1297 1177 1366 fiduciam
1189 1317 1254 1364 non
1269 1295 1429 1364 amittunt

258 1413 345 1494 Quae
371 1415 523 1481 nimirum
551 1415 638 1482 omni
665 1415 778 1483 robore
807 1421 929 1499 cerem,
960 1415 988 1482 si
1016 1413 1178 1498 contingat
1206 1413 1307 1481 solum
1334 1418 1434 1500 caput

257 1532 339 1598 forte
360 1530 525 1616 langoe103
549 1536 667 1618 quanto
689 1532 796 1619 potine
812 1531 955 1617 -quod
976 1531 1099 1598 meritis
1122 1531 1312 1599 sanctissimi
1329 1531 1433 1617 petris

258 1646 420 1716 benedicti
444 1651 566 1716 avertat
587 1649 787 1736 omnipotens
807 1647 894 1716 Deus
910 1647 996 1714 -si
1018 1648 1181 1732 continget
1203 1647 1353 1732 extingui
1387 1645 1435 1714 Et

259 1764 324 1830 iam
345 1763 535 1832 Benedictus
563 1784 600 1831 ac
621 1763 750 1832 Maurus
773 1783 846 1832 cnm
867 1765 929 1832 sibi
951 1765 1127 1832 commissis
1150 1764 1261 1832 ovibus
1283 1783 1433 1849 mergun-

259 1886 321 1948 tur.
354 1881 477 1966 Erigite
499 1901 573 1967 ergo
587 1880 660 1949 illos
675 1902 695 1948 a
708 1880 865 1966 fluctibus,
881 1882 1055 1969 imperator
1068 1881 1194 1966 invicte,
1210 1880 1254 1948 si·
1268 1899 1325 1948 sos
1338 1883 1434 1968 peter

258 1996 447 2065 Benedictus
462 1997 502 2065 cb
518 2017 702 2066 excessuum
715 1997 923 2066 abusionibus
939 1997 1182 2083 aegocerotis
1194 1997 1336 2064 coelestis
1348 1997 1434 2064 auia

259 2114 349 2200 regni
369 2114 631 2195 intercessionum
653 2135 783 2182 suarum
805 2114 952 2203 precibus
973 2119 1103 2199 reseret,
1124 2118 1161 2180 ut
1180 2113 1263 2180 uitae
1286 2117 1435 2182 aeternae

260 2231 581 2318 pascuainrenienda
601 2231 685 2298 inter
707 2231 835 2317 angelos
858 2237 890 2300 et
913 2229 1115 2316 archangelos
1138 2230 1206 2298 sins
1225 2230 1358 2298 termino
1371 2231 1434 2296 tsi-

261 2348 346 2433 bnat,
370 2348 454 2435 quod
475 2348 584 2416 oculus
606 2367 671 2415 non
691 2348 773 2415 vidit
793 2367 852 2416 nec
871 2349 956 2416 auris
971 2348 1092 2414 audivit
1106 2365 1165 2415 nec
1178 2347 1213 2413 in
1228 2365 1281 2414 cer
1295 2345 1434 2414 heminis

262 2465 403 2533 escendit
410 2460 427 2531 ¹.
462 2465 591 2552 Imperii
612 2466 712 2533 vestri
733 2463 1000 2550 magnificentiam
1022 2463 1165 2534 Christus
1186 2463 1340 2531 Dominus
1361 2463 1435 2531 ieli-

260 2581 340 2651 citer
361 2587 534 2667 conservet,
555 2586 683 2650 tueatur
705 2587 738 2650 et
759 2582 908 2650 defendat
927 2581 963 2648 in
978 2582 1078 2650 annis.
1113 2579 1198 2649 Bene
1219 2579 1329 2648 valete.

265 2847 324 2919 12.
347 2850 506 2918 Webuldnr
521 2851 708 2918 Lotburicm
729 2853 949 2938 brepautoreos
972 2862 1001 2916 et
1022 2850 1184 2916 Ricbizam
1206 2851 1437 2937 imperatricem

351 2969 526 3048 obtestatur,
547 2978 583 3031 nt
598 2969 743 3033 maximo
757 2966 992 3057 diffimltub'bca
1011 2968 1074 3032 sais
1089 2964 1273 3033 coaetanei
1320 2963 1374 3047 (M.
1385 2966 1435 3049 2.)

174 3100 244 3157 1137
351 3097 488 3166 Domino
511 3098 655 3186 piissimo
678 3106 710 3167 et
732 3100 933 3167 serenissimo
956 3099 1140 3186 imperatori
1163 3103 1294 3184 augusto
1316 3097 1436 3167 lotha-

182 3175 233 3223 ⁰⁰l
261 3215 310 3282 rio
338 3215 459 3281 caesari
488 3234 525 3282 ac
552 3215 776 3302 triumphatori
810 3222 962 3303 perpetuo
997 3217 1125 3302 eiusque
1158 3217 1249 3282 uxori
1274 3215 1435 3303 Richizae,

263 3329 373 3398 aDeo
395 3335 557 3418 protectae
580 3331 792 3399 Romanorum
813 3331 1017 3419 imperatrici,
1044 3331 1192 3399 victorias
1215 3334 1435 3418 certaminum,

263 3447 411 3535 perennis
439 3447 524 3514 vitae
552 3447 711 3533 bravium,
740 3448 949 3516 subiectiones
977 3449 1118 3534 gentium
1147 3453 1240 3534 utque
1266 3448 1436 3516 substratis

263 3563 406 3630 hostibus
434 3565 522 3651 pacis
543 3564 659 3650 ubique
681 3563 813 3652 bonurn,
844 3563 1017 3634 Guibeldns
1040 3565 1142 3634 sancti
1163 3562 1343 3632 Cesinensis
1365 3586 1436 3632 mo-

263 3680 395 3748 nasterii
417 3680 561 3747 minister
582 3681 739 3766 indignus.

353 3796 390 3863 ln
422 3797 519 3864 variis
551 3797 777 3884 multiplicibus
811 3817 848 3865 ec
877 3797 1009 3866 diversis
1038 3797 1292 3866 tribulationibus
1318 3799 1437 3865 consti·

264 3918 369 3998 tutus,
400 3919 542 3981 restrum
570 3914 608 3981 de
636 3914 686 3980 die
715 3913 750 3980 in
778 3914 845 3981 dies
874 3919 1041 3982 venturum
1069 3912 1236 4002 sperabam
1263 3915 1435 3998 auxilium3

265 4029 331 4115 ssd,
355 4034 392 4097 ut
413 4029 515 4115 video,
537 4029 649 4098 fefellit
670 4051 722 4096 me
744 4051 816 4118 spes
838 4051 917 4098 mea
953 4030 1111 4111 Quantum
1132 4029 1215 4098 enim
1228 4029 1436 4100 relationibus

337 4187 357 4220 ι.
379 4191 409 4220 es
430 4174 480 4220 alc?
548 4173 571 4220 b.
592 4175 662 4220 seb·
682 4174 792 4233 epistolae
805 4177 937 4237 fragmento
955 4177 1057 4238 legenter
1075 4175 1098 4221 ie
1113 4176 1177 4222 Perre·
1192 4174 1254 4221 diac.
1267 4175 1342 4222 elren.
1355 4178 1437 4224 Casia.

266 4255 292 4301 1.
305 4253 346 4301 17.
364 4271 384 4301 e.
397 4255 444 4302 los
455 4265 477 4301 et
490 4255 535 4301 lto
548 4271 573 4313 p.
582 4254 627 4302 816
639 4262 660 4300 et
672 4253 725 4300 841.
749 4256 787 4309 Cs-
803 4271 873 4313 aspro
885 4270 909 4315 p.
924 4255 954 4302 84
969 4273 990 4302 rs
1004 4271 1027 4302 a.

337 4342 362 4394 1.
382 4339 534 4398 ncesse.
546 4341 572 4410 c,
584 4340 609 4395 e.
