3117 4859
386 231 535 280 wmsrmr
556 229 743 282 mwronsn
762 233 816 280 aaa.
834 232 889 280 aaa
1154 219 1221 288 669

60 373 241 455 meroimns;
268 377 300 440 et
321 374 470 462 precipue
491 393 602 462 nuper,
625 394 698 442 cnm
720 375 761 442 sd
783 376 983 445 sanctitatem
1003 381 1142 447 vesum
1162 400 1221 467 pro
1275 384 1346 442 1154

59 490 291 558 necessitmibue
306 491 423 558 noeais
438 495 470 558 et
485 491 638 576 angustiis
652 492 825 580 peticiones
839 496 964 561 nocuus
972 495 1221 580 trmemisimus3
1230 473 1251 508 ⁰*
1260 459 1390 522 ΜΨ

60 627 133 692 quas
161 611 193 674 et
219 607 465 676 misericorditer
491 609 656 696 recepistis
680 614 712 676 et
732 609 868 694 benigne
888 609 1071 698 adimpleri·
1091 612 1220 680 iecisfis.

58 721 144 792 Nunc
166 745 240 809 ergo
258 723 462 793 excellentiae
476 731 600 794 vestrae
618 731 737 794 edente
751 727 1007 795 commendemus
1020 727 1222 796 Heribertum

59 839 250 928 capellanum
274 840 381 908 domni
403 841 497 927 regis,
519 846 556 909 ut
578 842 844 910 cumvenientem
865 843 907 910 ad
927 843 1154 912 beatitudinem
1167 866 1222 912 ve-

59 962 154 1024 stram
175 958 228 1045 pie
250 957 430 1045 suscipiatis
452 963 485 1025 et
504 958 640 1044 benigne
661 959 797 1028 mneods
818 965 852 1027 et
873 979 945 1028 eum
962 961 997 1028 in
1012 961 1078 1028 suis
1092 962 1223 1049 peticio·

57 1074 146 1142 nibus
168 1073 339 1142 clementer
360 1074 546 1142 exaudiatis.

57 1285 144 1358 434.
164 1291 324 1356 Adrianus
337 1289 392 1356 IV
403 1314 495 1378 popo
511 1291 652 1358 Wa'buldo
667 1313 739 1356 scos
754 1291 799 1358 od
811 1289 1041 1358 F'rs'dericoml
1056 1317 1160 1381 reperte
1178 1295 1222 1362 lc-

163 1417 252 1494 9ctos
274 1408 473 1474 emmnendat.
1059 1406 1113 1490 (li
1132 1409 1222 1492 429.)

142 1538 301 1606 Adrianus
330 1540 494 1628 episcopos
522 1559 631 1608 servus
654 1559 817 1608 servorum
839 1539 901 1608 Dei
922 1539 1037 1608 dilecto
1058 1539 1123 1610 tilio
1146 1541 1223 1610 (lor-
1255 1555 1326 1612 llos

55 1655 173 1724 beiensi
195 1655 302 1724 abbati
325 1655 458 1726 salutem
481 1662 514 1726 et
536 1655 741 1744 apostolicam
762 1655 1021 1725 benedictionem.
1240 1627 1296 1678 Μ
1307 1630 1337 1678 '⁹

141 1771 348 1841 Deuotionem
375 1793 412 1842 ac
438 1775 663 1857 reverentiam,
697 1792 793 1858 qnam
820 1778 1037 1842 sacrosanctae
1064 1773 1225 1844 &menae

55 1889 223 1958 eecclesiae
243 1891 339 1958 matri
361 1895 435 1958 tuae
456 1891 606 1959 hactenus
629 1889 822 1977 dependisti,
845 1894 878 1958 et
898 1911 957 1958 nos
979 1890 1042 1978 ipsi
1064 1894 1224 1978 cognosci·

54 2029 123 2074 mus
147 2011 179 2074 et
200 2007 315 2074 naues
337 2007 455 2092 nosci,
478 2007 533 2095 qni
554 2007 678 2096 plenius
700 2011 827 2092 norunt,
849 2007 941 2075 nobis
962 2007 1088 2095 plenius
1109 2009 1225 2078 retule-

53 2128 137 2190 runt.
169 2121 365 2192 Conveniens
388 2123 534 2210 equidem
556 2131 605 2194 est
619 2131 652 2192 et
666 2130 910 2193 consentaneum
923 2125 1050 2210 rationi,
1072 2131 1109 2193 ut
1123 2127 1226 2195 eidem

56 2240 235 2326 aecclesiae,
258 2261 338 2327 quoe
359 2245 425 2308 tarn
448 2261 506 2329 pro
522 2247 577 2310 tua
591 2262 687 2330 quam
700 2263 759 2331 pro
774 2247 957 2310 cunctorum
971 2241 1072 2310 salute
1085 2241 1226 2312 tidelium

54 2357 178 2426 laborat
200 2358 334 2443 assidue,
357 2363 390 2425 to
412 2359 559 2426 devotum
582 2363 614 2425 et
636 2359 811 2426 subiectum
831 2358 944 2424 debeas
959 2357 1117 2443 exhibere,
1140 2364 1173 2426 et
1186 2359 1225 2428 de

55 2475 122 2542 eins
145 2495 270 2562 semper
292 2475 410 2541 honore
434 2479 528 2562 atque
550 2473 697 2559 utilitate,
720 2475 803 2540 sient
823 2473 984 2560 hucusque
1005 2473 1118 2542 iecisse
1136 2475 1226 2542 dino-

54 2592 167 2676 sceris,
196 2590 329 2658 sollicite
352 2591 499 2677 cogitare.
546 2589 696 2678 Superest
718 2595 838 2675 autem,
867 2595 905 2656 ut
925 2590 1043 2658 bonnm
1063 2591 1226 2678 inceptum

54 2714 150 2795 atque
176 2708 373 2796 propositum
400 2709 447 2774 ita
472 2706 672 2774 landabiliter
694 2707 892 2792 exsequaris,
919 2711 957 2773 nt
977 2727 1036 2774 nos
1058 2711 1091 2774 et
1111 2707 1226 2776 trades

53 2827 171 2911 nostri,
200 2826 254 2912 qui
280 2825 398 2892 bonum
425 2823 464 2892 de
486 2829 518 2892 te
540 2823 707 2912 perhibent
727 2823 960 2909 testimoninm,
987 2821 1173 2891 fidelitatem
1193 2829 1226 2892 et

54 2943 254 3012 devotionem
275 2945 364 3008 tuem
385 2941 455 3029 ipso
476 2940 526 3008 rei
548 2939 659 3009 effectu
682 2941 838 3028 possimos
861 2940 1022 3008 evidenter
1045 2959 1223 3026 agnoscere

52 3061 97 3128 Et
121 3059 192 3126 ideo
216 3057 377 3126 dilectioni
397 3063 471 3126 tuae
492 3079 550 3146 per
574 3057 745 3146 apostolica
767 3058 886 3145 scripta
906 3057 1093 3126 mandamus
1116 3062 1149 3126 et
1170 3079 1225 3126 ex·

53 3177 218 3244 hortamur
239 3176 274 3242 in
289 3175 435 3261 Domino,
459 3176 606 3263 quatinus
621 3175 795 3244 Romanam
818 3173 1012 3259 aecclesiam,
1034 3175 1085 3242 cui
1100 3196 1226 3244 omnem

54 3293 265 3361 obedientiam
293 3291 387 3360 debes
418 3297 451 3360 et
476 3293 701 3360 subiectionem
728 3291 926 3379 impendere,
954 3293 1041 3358 omni
1061 3294 1226 3362 conanime

53 3409 183 3478 studeas
210 3409 364 3476 honorare
394 3415 426 3476 et
455 3407 495 3476 ad
523 3409 590 3475 eius
615 3408 786 3476 utilitatem
806 3413 901 3495 etque
922 3409 1088 3476 servitium
1108 3415 1141 3478 te
1161 3431 1226 3478 non

53 3527 180 3594 dubites
201 3525 473 3613 promptissimum
495 3524 652 3592 exhibere.
722 3523 855 3592 Inventa
874 3524 982 3611 itaque
1003 3526 1063 3594 hoc
1083 3531 1226 3614 tempore

53 3643 283 3732 oportunitate,
307 3643 390 3730 apud
414 3640 563 3708 dilectum
583 3641 618 3708 in
640 3639 765 3708 Christo
786 3639 888 3708 ilium
908 3647 1053 3710 nostrum
1074 3641 1224 3723 F(rideri·

52 3761 139 3845 cum)
162 3760 318 3828 illustrem
331 3759 544 3826 Romanorum
566 3777 673 3842 regem
694 3756 740 3824 ita
762 3757 864 3824 eidem
886 3758 1056 3826 eecclesiae
1072 3757 1225 3826 sollicitus

52 3881 99 3948 sis
122 3879 271 3945 assistere
293 3881 325 3943 et
345 3876 392 3943 ita
414 3894 484 3942 eam
506 3875 567 3942 sibi
587 3873 712 3941 assidue
726 3874 946 3941 commendare
960 3879 1054 3960 etque
1068 3874 1224 3960 cumipse

52 3996 94 4063 de
118 3995 185 4062 eius
207 3993 344 4061 ntibtcte
367 3997 399 4060 et
420 3992 613 4060 incremento
636 3993 783 4075 bootem,
805 3996 842 4057 ut
864 3990 974 4058 amem
994 3994 1096 4057 meter
1117 3995 1175 4058 tua
1191 3995 1225 4058 to

53 4111 225 4200 specialem
248 4116 280 4178 et
302 4110 539 4178 devotissimum
560 4106 661 4175 tilium
682 4107 752 4195 ipso
774 4106 823 4174 rei
843 4105 954 4174 effectu
968 4110 1112 4194 patenter
1128 4127 1224 4193 cgno-

54 4234 134 4313 so'et,
158 4231 190 4296 et
211 4233 247 4295 tu
269 4227 457 4316 apostolicae
479 4226 563 4295 sedis
586 4223 749 4312 auxilium,
772 4223 916 4312 quotiens
938 4223 998 4292 tibi
1018 4223 1116 4294 fuerit
1131 4245 1224 4312 opor·

129 4385 150 4418 a.
170 4369 287 4432 adimpleti
302 4388 322 4418 a.
