3117 4859
441 3115 471 3169 1
480 3113 582 3169 150

351 3189 468 3248 Aug.
478 3212 527 3220 —
542 3187 670 3248 Sept.

693 262 827 332 418
1359 280 1660 329 πωπω
1699 279 2074 331 uma-om
2114 280 2222 329 eso.
2257 281 2365 329 m.

356 432 675 566 Aaaufugam
693 422 875 490 iuxta
917 420 1087 508 quod
1129 422 1198 490 in
1240 421 1593 510 privilegiis
1637 423 2092 511 imperatorum
2136 428 2202 491 et
2228 444 2451 510 regum
2479 423 2696 493 videre
2720 423 2989 512 poteritis,

696 559 834 607 esse
879 542 944 607 et
971 558 1344 626 permanere
1372 540 1659 608 iubeatis.
1730 540 1947 627 Neque
1988 542 2158 609 enim
2189 543 2545 609 sanctitatis
2574 546 2820 609 vesta-ae
2844 561 2994 608 aum

691 655 1256 748 pseudomonachis
1307 656 1815 725 Hasteriensibus
1872 659 2342 727 accommodare
2401 663 2683 747 oportet,
2742 659 2846 744 qui
2893 660 2996 724 otio

690 778 987 840 vacantes
1030 772 1259 840 fabulis
1304 772 1580 857 student,
1624 793 1790 841 vana
1834 779 1898 842 et
1941 774 2262 863 superflua
2304 776 2696 843 meditantur
2726 779 2791 842 et
2814 793 3001 862 paoem

693 889 993 957 ecclesiae
1037 888 1432 957 conturbant.
1503 888 1828 976 Siquidem
1860 891 2124 961 ecclesia
2152 891 2683 960 walciodorensis
2731 891 2812 957 ab
2850 891 3002 957 initio

689 1006 1078 1075 fundationis
1123 1026 1275 1074 suae
1321 1006 1625 1074 aecclesia
1670 1006 2065 1077 Hasteriensi
2110 1015 2176 1077 et
2202 1010 2357 1078 villa
2384 1016 2450 1077 et
2479 1008 2775 1076 omnibus
2804 1027 3005 1094 appen-

691 1124 866 1192 ditiis
922 1124 1058 1191 eius
1114 1143 1230 1210 per
1295 1122 1630 1211 privilegia
1684 1145 1906 1208 regum
1975 1131 2040 1194 et
2092 1128 2548 1215 imperatorum
2620 1132 2688 1193 et
2743 1124 3007 1212 precipuo
3091 1118 3094 1224 1

690 1240 941 1309 decreto
984 1239 1310 1308 Benedicti
1354 1261 1556 1329 papae
1602 1242 1858 1328 septimi
1905 1248 2093 1310 aucta
2136 1249 2255 1329 est,
2310 1247 2374 1310 et
2416 1243 2575 1310 inibi
2617 1242 2779 1309 ordo
2821 1259 3007 1308 mona-

689 1358 884 1426 sticus
930 1358 1009 1426 ab
1054 1357 1279 1425 abbate
1309 1356 1804 1426 walciodorensi
1849 1358 2198 1427 institutus.
2286 1359 2467 1440 Quod
2520 1378 2665 1426 cum
2709 1360 2807 1425 ita
2847 1357 2927 1424 sit
2959 1361 3011 1423 et

686 1475 756 1541 in
799 1474 1107 1541 memoria
1137 1474 1305 1561 apud
1335 1474 1669 1562 plerosque
1697 1474 2027 1561 habeatur,
2074 1477 2243 1564 quod
2272 1476 2553 1545 defuncti
2584 1475 2783 1543 etiam
2811 1474 3009 1541 nunu
3094 1456 3096 1536 ἵ

687 1591 767 1659 de
810 1590 1108 1658 Hasteria
1149 1591 1218 1657 in
1263 1592 1574 1661 cimiterio
1602 1590 2099 1660 walciodorensi
2156 1592 2503 1680 antiquitus
2549 1591 3009 1679 sepeliebantur,

687 1727 983 1792 rogamus
1029 1707 1430 1775 sanctitatem
1474 1691 1773 1797 vestram,
1820 1716 1892 1779 ut
1920 1710 2343 1778 temeritatem
2374 1709 2835 1777 insanientium
2862 1726 3011 1775 mon-

687 1824 988 1891 achorum
1041 1822 1544 1893 Hasteriensium
1611 1828 2005 1896 auctoritatis
2074 1831 2322 1895 vestrae
2384 1826 2566 1911 virga
2621 1822 3010 1913 compoeoetis

689 1944 786 2024 et,
832 1944 905 2007 ut
949 1940 1032 2007 ad
1074 1960 1298 2028 pacem
1343 1947 1409 2009 et
1451 1944 1851 2012 concordiam
1894 1945 2164 2011 flatrum
2208 1962 2467 2011 suorum
2511 1942 2815 2027 redeant,
2871 1960 3011 2008 com·

686 2054 969 2143 pellatis3
1018 2062 1146 2142 aut,
1194 2058 1249 2126 si
1295 2064 1723 2145 contemnunt,
1770 2067 2074 2147 tanquam
2101 2059 2366 2128 rebelles
2407 2063 2473 2126 et
2518 2058 2886 2146 apostolicis
2925 2056 3011 2123 do-

687 2173 876 2240 cretis
900 2173 1352 2259 inobedientes,
1377 2175 1455 2242 de
1475 2178 1861 2245 monasterio
1885 2178 2006 2245 eici
2025 2176 2293 2244 faciatis.
2339 2174 2740 2263 Responsum
2761 2180 3012 2242 vesti-un

686 2290 1081 2376 tempestive,
1126 2289 1449 2359 humiliter
1495 2297 1559 2361 et
1603 2294 1834 2362 obnixe
1865 2292 2228 2378 flagitando,
2278 2297 2707 2380 expectamus.
2781 2291 2936 2360 Nam
2958 2289 3012 2355 in

688 2407 976 2493 proximo
1022 2427 1140 2494 pro
1184 2407 1497 2493 legatione
1543 2410 1785 2478 domini
1828 2411 2031 2478 nostri
2054 2410 2241 2495 'regis
2288 2415 2352 2476 et
2378 2408 2559 2494 regni
2588 2408 2863 2476 Romam
2892 2425 3012 2495 pro-

687 2520 883 2589 ficisci
925 2523 1332 2609 intendimus,
1377 2526 1487 2593 ubi
1534 2527 1725 2594 etiam
1756 2526 2281 2595 walciodorensis
2327 2526 2572 2595 abbatis
2604 2545 2865 2593 causam
2892 2542 3011 2610 pro-

687 2659 940 2707 movere
985 2640 1361 2709 omnimodis
1406 2648 1783 2728 satagemus.

691 2851 868 2924 291.
913 2856 1265 2945 Stephanus
1295 2861 1618 2946 episcopus
1645 2860 1937 2927 Mateta-sis
1971 2860 2252 2927 wibaldo
2285 2859 2542 2946 deleqat,
2578 2870 2649 2922 ut
2676 2856 3009 2924 Haemim-

909 2997 1004 3039 ses
1033 2975 1123 3040 ad
1149 2977 1505 3064 obsequium
1535 2976 1823 3043 ecclesiae
1847 2976 2358 3042 Walciodomwis
2385 2976 2657 3040 reducat.
2733 2971 2845 3055 (Μ.
2861 2969 3008 3046 272.)

868 3104 1224 3193 Stephanus
1295 3106 1417 3175 Dei
1481 3108 1692 3193 gratia
1753 3108 1904 3175 licet
1966 3108 2261 3193 indignus
2319 3106 2617 3174 Metensis
2702 3108 3010 3194 episcopm

688 3219 1030 3306 w(ibaldo)
1074 3225 1420 3292 venerabili
1469 3224 1828 3292 Stabulensi
1874 3224 2089 3292 abbati
2132 3224 2397 3291 salutem
2443 3229 2507 3291 et
2551 3222 2961 3290 dilectionffln.

867 3340 1046 3419 Quod
1092 3341 1170 3408 de
1215 3340 1550 3408 dilectione
1595 3362 1670 3408 ac
1712 3340 2145 3409 familiaritate
2189 3360 2333 3408 mea
2362 3360 2477 3408 vos
2521 3337 2841 3407 confidere
2880 3336 3010 3404 dici-

687 3456 793 3541 tis,
839 3457 1053 3524 sciatis
1097 3478 1212 3546 pro
1261 3464 1451 3543 certo,
1498 3458 1667 3544 qnod
1710 3458 1857 3525 inde
1904 3477 2093 3544 quam
2135 3456 2480 3545 plurimum
2515 3453 2835 3524 confidere
2858 3457 3008 3543 pote-

688 3574 823 3641 stis.
925 3572 1024 3641 De
1077 3574 1401 3641 monachis
1455 3595 1606 3641 vero
1664 3574 2174 3642 Hasteriensibus
2232 3573 2399 3660 quod
2453 3571 2802 3659 scripsistis
2857 3568 3009 3649 mihi,
3099 3560 3100 3568 ¹

689 3689 839 3777 quia
882 3691 1062 3777 quasi
1108 3691 1381 3777 quadam
1426 3692 1717 3759 taurinae
1761 3691 2022 3759 cervicis
2066 3690 2319 3758 feritate
2353 3687 2651 3756 ecclesiae
2680 3685 3007 3756 walciodo-

691 3807 858 3873 rensi
880 3806 1157 3874 subesse
1201 3807 1621 3893 reluctantur,
1668 3807 1999 3892 sagacitati
2042 3812 2290 3874 vestrae
2334 3805 2658 3873 committo
2671 3853 2690 3889 ,
2739 3804 3008 3891 quatinus

695 3925 751 3989 in
815 3924 1032 3993 eodem
1087 3929 1306 3991 tenore
1363 3931 1427 3993 ct
1479 3924 1698 4009 modo,
1761 3943 1885 4010 quo
1937 3943 2043 3991 eos
2091 3922 2436 4009 antiquitus
2478 3921 2677 3988 fuisse
2721 3917 3008 3988 didicistis
3099 3946 3100 3954 ¹

691 4049 751 4109 et
807 4042 1013 4126 scitis,
1075 4042 1269 4108 etiam
1321 4060 1490 4108 nunc
1542 4045 1842 4129 precepto
1888 4060 1963 4107 ac
2007 4039 2328 4107 voluntate
2375 4059 2520 4106 mea
2560 4058 2822 4108 manere
2862 4053 3006 4105 com·

691 4157 958 4245 pellatis.
1029 4157 1099 4226 Si
1145 4157 1316 4225 euim
1357 4158 1426 4224 in
1467 4168 1805 4246 compage·
1851 4158 2132 4244 corporis
2176 4156 2402 4244 capitis
2446 4154 2617 4224 illius
2647 4155 2868 4223 volunt
2890 4170 3005 4221 mn-
3099 4216 3100 4240 ,

691 4297 855 4361 usi-e,
903 4276 1071 4363 quod
1102 4275 1389 4343 Christus
1435 4280 1552 4360 est,
1600 4279 1849 4363 oportet
1893 4295 2020 4360 eoS,
2066 4273 2230 4342 sicut
2269 4273 2556 4341 membra
2599 4272 2879 4362 corporis
2917 4287 3003 4336 ca-

831 4433 870 4466 ι.
911 4433 1126 4480 compano
1156 4436 1197 4465 c.
