3117 4859
347 254 415 323 290
726 276 876 325 wmarus
895 274 1061 325 maone
1082 272 1136 321 ere.

261 420 330 505 1149
346 415 497 483 leeerunt.
530 414 587 485 Set
608 418 636 483 ri
658 418 878 502 recordemini,
899 419 984 504 quod
1004 420 1386 507 ipmmeaputnesm
1406 416 1495 504 ipsum

270 494 323 541 Μ
346 538 519 599 creatorem
542 540 574 599 et
595 534 827 622 redemptorem
849 542 1003 619 nostrum,
1025 537 1130 622 ipsum
1150 534 1261 601 mundi
1280 535 1384 601 tocius
1398 539 1430 601 et
1441 554 1496 599 om

346 648 434 713 nium
463 670 568 715 rerum
596 650 759 717 domiuum
787 653 936 739 prineepe
961 653 1099 719 invidiae
1119 651 1261 719 diabolus
1282 652 1323 718 de
1344 650 1499 737 pinnaculo

346 764 458 853 templi
479 766 669 853 precipitare
688 770 786 834 noxia
798 768 1002 854 persuasione
1017 768 1130 850 voluit3
1152 769 1183 834 si
1195 769 1349 855 seriptum
1363 767 1500 849 reeolitis

347 880 430 967 quod
455 902 579 967 ornnes,
609 884 664 969 qui
690 886 743 971 pie
764 885 875 953 volunt
896 887 931 953 in
958 885 1084 953 Christo
1110 886 1231 968 rivere,
1262 885 1501 971 perseeutionmt

345 998 524 1107 patiuntur3
542 1000 581 1073 ‚si
602 1002 756 1067 memoria
776 1004 903 1086 teneus,
931 1003 1024 1088 quod,
1046 1022 1118 1070 eum
1139 1001 1319 1067 immundus
1339 1000 1503 1087 spiritual

345 1134 404 1181 sna
435 1115 532 1182 luerit
563 1116 757 1183 habitatione
790 1118 955 1205 expulsus,
987 1120 1172 1202 revertitur,
1205 1117 1378 1203 assumptis
1406 1136 1502 1183 seeum

345 1236 467 1318 septem
493 1232 694 1318 nequioribus
721 1229 788 1316 ee¹;
810 1234 903 1302 faeile
929 1238 1075 1322 poteritis
1101 1240 1300 1302 eontemnere
1325 1232 1503 1300 oblatrantis

346 1347 431 1432 vulgi
452 1368 535 1415 vana
555 1349 730 1434 iudiciaet,
753 1349 936 1418 solidatam
951 1351 1325 1439 Deumspeeertissirna,
1347 1350 1503 1416 udemm·

344 1463 504 1531 dationem
527 1470 559 1533 et
579 1468 841 1535 restaurationem
856 1468 1090 1537 Kmninatensis
1112 1467 1260 1535 eeclesiae
1276 1466 1448 1533 studiosius
1462 1466 1504 1531 in-

344 1580 482 1649 tendere.
574 1580 762 1650 succurrere
789 1585 898 1652 debuit
924 1585 1025 1652 dolori
1050 1592 1154 1653 restro
1177 1590 1211 1651 et
1230 1582 1329 1649 animi
1349 1581 1504 1649 molestiae

343 1696 516 1783 detergere,
540 1699 623 1783 quod
645 1698 685 1766 de
707 1702 921 1769 saeratissimo
937 1708 1028 1789 putre
1049 1708 1157 1769 nostro
1177 1700 1346 1767 Benedieto
1368 1691 1503 1783 legitur¹‚

344 1813 442 1899 quod,
470 1833 543 1881 omn
570 1815 605 1881 in
632 1836 705 1883 aree
732 1817 914 1885 Gasinensis
940 1820 1037 1885 ausui
1064 1818 1183 1885 idolum
1209 1814 1367 1904 Apollinis
1394 1814 1504 1881 eouui

342 1930 441 1996 visset
473 1936 519 2015 et,
553 1952 610 1998 ara
642 1933 794 2000 subversa
825 1933 966 2021 lucisque
999 1935 1144 2018 sueoisis,
1178 1933 1317 2000 oratoria
1346 1932 1504 1998 beatotum

342 2043 489 2112 lobannis
512 2052 544 2113 et
565 2046 694 2115 Martini
715 2052 958 2136 construxisset,
986 2052 1114 2135 demon,
1142 2050 1282 2117 eusdem
1303 2047 1366 2115 loei
1386 2048 1504 2115 babitu·

342 2166 410 2245 ter,
439 2162 524 2250 oepit
550 2164 584 2230 in
611 2165 715 2233 virum
744 2168 979 2234 sanctissimum
1006 2167 1170 2235 horrendis
1191 2166 1319 2234 roeibue
1342 2165 1504 2233 intremere

342 2280 375 2344 et
400 2278 515 2346 fratres
546 2280 647 2368 ipsius
675 2288 743 2348 tum
772 2285 844 2350 saxi
869 2285 1009 2373 pendere
1037 2291 1107 2351 tum
1133 2283 1331 2370 phantastieo
1358 2282 1504 2367 eoquim

341 2394 485 2462 ineendio
513 2397 622 2463 multis
648 2398 887 2483 fatigationibus
913 2400 1045 2469 illudere
1066 2406 1134 2468 tum
1157 2400 1253 2467 etiam
1274 2397 1400 2486 pueruli
1420 2417 1503 2464 mon-

342 2510 411 2576 aehi
437 2513 628 2581 eontrioione
650 2534 708 2581 nee
730 2536 794 2583 non
816 2517 950 2584 senioris
971 2516 1150 2601 cuiusdam,
1178 2517 1213 2581 in
1234 2534 1326 2602 quem
1348 2515 1502 2599 mgroesu·

341 2634 426 2711 erat,
455 2631 622 2698 vexatione
649 2651 702 2698 ees
731 2633 751 2698 t
777 2632 840 2700 loei
860 2635 1048 2721 purgatione
1070 2640 1104 2701 et
1125 2634 1145 2699 t
1165 2638 1275 2700 saneta
1295 2631 1414 2698 ibidem
1435 2650 1502 2697 eon·

339 2745 517 2813 versutione
544 2746 722 2815 detestabili
750 2750 829 2815 artis
855 2770 930 2817 suae
951 2749 1086 2818 ludibrio
1108 2750 1274 2816 deterrere
1307 2747 1381 2814 Non
1403 2750 1502 2833 itaque

340 2881 395 2928 voe
419 2861 598 2931 deterreant
626 2863 724 2931 aniles
746 2865 886 2951 fabulae,
919 2873 984 2951 set,
1013 2864 1203 2934 confidentes
1225 2865 1265 2931 de
1291 2863 1502 2931 miserieordit

339 2975 401 3043 Dei
426 2984 458 3045 et
478 2980 579 3066 ipsius
602 2982 812 3068 protectione,
840 2982 965 3050 firmate
985 2984 1020 3050 in
1042 2981 1258 3050 Kaminateosi
1280 2980 1415 3048 ecelesia
1434 2979 1502 3047 reli

339 3092 474 3180 gionem,
497 3117 558 3182 qne
582 3102 654 3164 ente
675 3104 819 3164 nostrum
841 3100 959 3167 ibidem
981 3100 1150 3166 adventum
1172 3118 1300 3186 prorsus
1319 3098 1501 3185 deperierat,

338 3215 472 3295 purgate
500 3218 532 3279 et
559 3212 663 3279 loeum
691 3220 724 3281 et
745 3215 867 3281 animas
890 3217 911 3283 a
933 3217 1100 3283 demonum
1121 3214 1324 3282 contubernio
1347 3220 1381 3280 et
1402 3214 1503 3281 obser·

339 3332 410 3393 vate
433 3328 599 3414 diligenter
614 3331 756 3417 ipsorum
771 3332 936 3398 venetias.
1005 3332 1087 3399 Sane
1103 3332 1236 3419 sumptis
1250 3330 1365 3397 litteris
1380 3330 1502 3411 nostris,

338 3462 416 3528 quas
444 3444 485 3511 ad
512 3466 568 3512 vos
597 3445 840 3533 destinavimus,
868 3450 1059 3536 presentiam
1087 3448 1207 3515 domini
1229 3453 1262 3515 et
1282 3447 1384 3533 patris
1407 3444 1503 3513 nostri

338 3556 511 3629 Mmdensis
527 3558 684 3650 episeopi⁵
700 3564 838 3650 adibitis,
862 3571 895 3632 et
910 3587 1005 3654 super
1026 3564 1279 3633 reconciliatione
1298 3563 1439 3630 eiusdem
1456 3582 1501 3630 ee

338 3674 461 3762 deniae,
485 3699 579 3764 qnam
601 3678 756 3766 pollutam
777 3681 886 3750 fratris
908 3682 1010 3750 nostri
1032 3702 1106 3749 essu
1129 3687 1162 3749 et
1179 3686 1281 3747 morte
1294 3680 1423 3765 iudicat,
1446 3679 1501 3745 mi·

338 3790 541 3860 serieordiam
562 3795 663 3883 ipsine
685 3797 861 3885 implorate.
897 3799 947 3866 Ad
971 3820 1065 3886 quam
1087 3797 1275 3884 legationem
1294 3796 1500 3884 peragendam

337 3926 394 3973 nos
427 3911 624 3997 prepositum
656 3913 889 3997 A(delbertum)
923 3921 956 3983 et
988 3916 1194 3982 camerarium
1226 3914 1264 3981 lt
1294 3914 1497 3998 designamus

338 4021 454 4101 Quodsi
482 4028 579 4094 turris
602 4026 837 4097 Kamiuatensis
867 4032 1016 4099 ecelesiae
1044 4052 1186 4099 seorsum
1208 4033 1227 4098 t
1248 4036 1352 4099 cetero
1375 4046 1497 4115 eerpore

337 4140 448 4226 templi
475 4142 539 4209 alia
560 4142 772 4212 Kalendarum
796 4146 847 4214 die
868 4146 1014 4215 dedicata
1034 4149 1109 4233 fuit,
1136 4149 1251 4215 tratres
1272 4150 1374 4215 nostri
1394 4164 1495 4215 secure

337 4261 484 4340 poterunt
505 4258 540 4325 in
563 4279 600 4326 ea
621 4261 729 4328 diune
751 4263 909 4331 celebrare
931 4266 1091 4351 mysteria.

408 4389 432 4442 l.
451 4388 547 4445 lluttb.
560 4393 602 4459 12,
614 4391 660 4448 45.
731 4396 756 4449 2.
776 4394 806 4449 in
818 4394 847 4451 S.
859 4394 942 4468 Greg.
956 4396 1021 4453 dial.
1034 4397 1061 4452 11
1078 4412 1101 4452 e.
1116 4398 1211 4465 8-11,
1226 4413 1290 4467 opp.
1303 4397 1346 4454 ed.
1359 4391 1493 4452 Benedll

336 4474 496 4531 eae-233.
516 4530 527 4539 .
568 4480 593 4534 3.
613 4480 745 4539 Heinriei.
