3117 4859
412 275 560 339 wmdnm
581 289 768 341 ssnsnonsn
788 288 843 337 ιω.
859 289 913 337 uso.
1092 316 1096 327 ·
1180 276 1245 343 231
1296 294 1300 303 ·

79 438 186 501 nostm
207 434 413 519 egredientes,
437 452 533 519 equos
555 438 681 501 nostros
704 430 832 501 effraeto
854 430 978 499 stabulo
999 433 1098 501 iurati
1118 440 1194 502 sunt
1215 440 1247 502 et
1273 438 1343 495 1148

79 550 246 637 quosdam,
279 570 357 637 quos
386 550 540 619 abduoers
565 570 629 617 non
656 553 841 638 potuerunt,
870 548 984 633 gladiis
1011 550 1244 618 interfecerunt
1261 510 1359 561 m

78 665 171 733 Foeta
194 666 333 734 olsmoro
355 666 396 735 ad
419 686 516 751 arma,
539 671 576 733 ut
597 686 665 734 mos
686 672 792 735 terrae
810 671 868 750 est,
890 671 1104 735 convenerunt
1116 666 1173 733 ulii
1185 667 1246 733 mi·

76 782 254 851 nisteriales
277 783 435 868 omlesiae,
458 782 565 871 plures
587 802 728 867 numero,
752 788 786 849 et
805 802 865 870 pro
881 803 940 851 sua
955 782 1019 852 lide
1032 783 1246 851 oonsorrunds
1382 798 1389 807 ·

76 904 107 967 et
132 919 195 986 pro
216 899 336 967 bonore
357 900 498 966 omnium
520 920 648 967 suorum
670 899 797 987 parium
817 904 1010 967 vocaverunt
1030 899 1183 985 quosdam
1204 899 1247 967 ad

75 1014 226 1099 duellm
249 1036 383 1102 quornm
403 1016 535 1083 oonsilio
556 1020 680 1083 tantum
702 1014 824 1083 laoinus
844 1015 907 1083 fuit
923 1020 1151 1104 perpetratum,
1173 1035 1246 1083 oum

75 1132 118 1200 eis
139 1134 315 1220 pumturl
336 1134 371 1199 in
393 1134 505 1199 ooters
526 1132 713 1221 epiphaniae
722 1126 739 1197 ¹.
775 1131 939 1217 Siquidem
956 1131 1122 1199 oomilium
1137 1152 1246 1201 eorum

74 1253 105 1315 et
125 1248 320 1315 machinatio
342 1250 412 1333 fuit,
435 1254 472 1316 ut
492 1269 551 1317 nos
572 1249 621 1316 illi
636 1248 700 1336 ipsi
714 1247 853 1315 latrones
867 1247 1080 1316 interfiooront
1093 1249 1144 1316 rel
1157 1270 1246 1317 men·

73 1364 137 1432 bris
164 1370 367 1450 trumentum,
395 1370 432 1432 ut
456 1365 656 1453 posmodum
678 1365 834 1433 verseiter
854 1364 1037 1448 didicimus3
1068 1366 1152 1451 quod
1172 1386 1246 1433 oum

73 1481 111 1547 ad
148 1480 298 1549 effeotmn
328 1482 501 1569 perduoere
533 1502 596 1549 non
626 1482 821 1569 potuissent,
853 1487 1007 1549 roomo
1034 1481 1119 1549 furto
1148 1502 1245 1568 equos

71 1603 201 1665 nostros
226 1598 420 1666 invaserunt
459 1596 597 1665 Proinde
623 1597 764 1665 advoluti
792 1596 899 1665 animo
927 1597 969 1664 ad
996 1598 1093 1684 podes
1120 1603 1246 1665 restrae

72 1714 270 1783 oelsitudinis
298 1720 331 1781 et
357 1716 498 1781 omnium
523 1714 704 1802 prinoipum
731 1715 799 1781 sive
825 1713 978 1782 nobilium
1005 1719 1038 1781 et
1058 1718 1245 1801 oeterorum,

5 1867 6 1873 κ
71 1833 123 1917 qui
150 1832 190 1899 in
217 1831 306 1899 euris
326 1837 433 1899 restra
453 1832 542 1916 sunt,
572 1830 734 1897 humiliter
757 1829 912 1897 auxilium
932 1835 1074 1899 vestrm
1094 1831 1245 1918 implora·

69 1968 149 2033 mus,
175 1949 336 2034 quatinus,
359 1953 504 2035 respsotu
519 1947 646 2015 divinae
661 1947 792 2033 pietatis
814 1951 848 2013 et
868 1965 927 2033 pro
946 1948 1125 2015 reverentia
1137 1946 1246 2015 domni

70 2064 152 2149 rogis
185 2069 220 2131 ot
248 2064 388 2131 omnium
414 2063 593 2152 principum
616 2070 649 2130 et
669 2084 728 2151 pro
751 2066 836 2131 statu
858 2066 925 2129 mm
947 2064 1048 2131 divini
1069 2083 1166 2150 quam
1187 2063 1246 2130 hu·

4 2232 5 2237 ,
69 2181 155 2247 mni
179 2180 272 2265 iuris,
293 2186 416 2249 sontum
430 2186 555 2248 restrae
569 2180 760 2247 defensionis
775 2186 884 2247 bubo
898 2180 1048 2247 audaciae
1062 2182 1245 2267 opponatis3

70 2303 101 2365 ot
126 2318 171 2365 ns
196 2296 412 2365 malefactores
441 2296 489 2364 illi
510 2297 546 2363 in
567 2300 654 2363 terra
675 2304 782 2363 rostra
803 2296 961 2381 retugium
982 2297 1134 2383 babeant,
1164 2298 1247 2365 deut

69 2413 323 2499 meguuitudinern
334 2418 473 2481 vestram
484 2413 582 2497 deest,
597 2413 807 2501 provideatis3
824 2418 856 2479 et
870 2413 912 2480 ad
922 2413 1082 2500 prolatum
1091 2413 1155 2481 diei
1164 2420 1245 2481 tom

68 2526 146 2616 pus¹
169 2530 264 2597 uobis
285 2530 321 2597 in
342 2529 533 2597 adiutorium
548 2526 669 2613 aliquos
684 2528 724 2597 de
738 2530 854 2596 vestris
867 2529 1100 2597 transmittatis.
1123 2528 1244 2597 Valete.

73 2743 160 2815 150.
181 2744 342 2811 Widuldue
355 2744 542 2811 Bernhardo
559 2744 701 2831 episeopo
714 2743 971 2811 ffildesbeimensi
984 2746 1120 2831 exposit,
1136 2746 1245 2834 quibus

185 2861 224 2927 de
242 2862 343 2927 σακία
357 2859 538 2927 Hemonam
551 2859 575 2927 Ι
583 2860 740 2948 Quodam
758 2862 900 2927 abbatem
915 2860 1127 2927 Corbeierosem
1146 2864 1246 2949 recipi

185 2977 348 3043 Cordalum
367 2977 452 3041 solit
1027 2984 1036 3000 '
1082 2974 1137 3058 (ll.
1156 2976 1244 3059 131.)

158 3107 343 3177 Reverendo
366 3110 451 3196 patri
473 3128 530 3176 suo
553 3114 585 3175 et
607 3108 733 3175 domino
755 3107 916 3176 Bsmerdo
939 3114 1066 3177 sanotae
1080 3109 1334 3179 Himeros-1149

70 3227 243 3295 heimensis
278 3224 448 3293 aeoolssiao
479 3224 652 3292 venerabili
684 3225 833 3312 episeopo
864 3226 963 3294 trater
989 3226 1152 3295 Wiboldus
1183 3227 1245 3296 Dei

48 3344 177 3434 ¹grstia
197 3341 247 3426 id,
276 3342 361 3428 quod
382 3347 431 3409 ost
451 3342 487 3408 in
511 3340 662 3409 socolesia
683 3341 852 3427 catholiea,
881 3344 1011 3428 exiguos
1032 3345 1191 3413 orationes
1212 3351 1246 3413 et

68 3458 162 3529 fidele
186 3458 359 3525 servitium.
538 3497 543 3505 ·

160 3574 293 3642 Litteris
315 3574 662 3662 prudentissimae,
686 3594 764 3660 quas
785 3576 877 3643 uobis
899 3576 1038 3660 dignatio
1060 3582 1166 3645 vestra
1185 3598 1245 3665 per

69 3690 285 3761 venerabilem
307 3692 496 3759 conbanem
517 3695 662 3759 nostrum
681 3692 827 3760 abbatem
841 3692 1011 3761 aecclesiae
1026 3695 1126 3761 saneti
1141 3692 1244 3761 Gode·

70 3804 182 3878 hardi*
204 3804 409 3893 bsusmisit⁸‚
431 3808 622 3896 respondere
644 3808 839 3894 distulimus,
867 3829 932 3877 non
953 3810 1080 3897 quidem
1102 3830 1143 3878 ex
1164 3809 1243 3877 obli·

70 3930 165 3995 sione
194 3927 245 3995 vel
272 3946 312 3993 ex
339 3924 545 4010 negligentia,
573 3931 623 3993 set
649 3925 747 3993 tuntis
774 3930 886 4013 postea
913 3927 997 3993 euris
1024 3933 1058 3994 et
1083 3926 1242 3994 laboribus

71 4044 194 4131 agendo
217 4049 250 4111 et
265 4042 443 4111 itinerando
457 4042 574 4109 inimus
589 4042 742 4130 oooupati
765 4048 802 4110 ut
814 4044 1008 4112 reseribondi
1022 4042 1241 4130 opportunitas

71 4161 160 4229 nulla
180 4160 273 4229 nobis
295 4163 402 4246 posset
424 4158 579 4227 secedere.
609 4158 788 4227 Reddentes
809 4160 917 4247 itaque
938 4180 1023 4228 nune
1042 4164 1167 4227 vestrae
1188 4179 1241 4225 su·

72 4278 223 4345 blimituti
238 4277 385 4343 devotum
400 4275 596 4383 salutationis
612 4276 806 4363 obsequium,
829 4278 976 4361 brevitor,
998 4274 1109 4343 silleri
1122 4282 1240 4363 posset,

145 4407 259 4465 1.1149
276 4407 335 4465 lan.
348 4408 391 4464 13.
443 4408 668 4465 sustossoria
726 4410 753 4465 3.
770 4407 807 4465 V.
824 4424 909 4479 supra
925 4406 1049 4479 sulit&
1066 4404 1102 4461 oi
1120 4422 1166 4481 ep.
1179 4408 1240 4467 136.
