3117 4859
416 285 565 335 wmmmu
586 284 774 335 aaronem
795 284 849 333 ote.
864 284 917 331 ms.
959 256 963 265 ’
1186 268 1253 337 263

89 426 175 499 158.
192 430 356 495 mutnus
377 430 538 517 epiecopus
554 427 809 517 Hauederqeuoa
825 428 1001 495 Ws'boldom
1024 430 1062 494 de
1083 430 1255 497 Mamm

192 546 358 611 mutuos
379 544 584 632 reprehendit.
619 544 662 613 Se
684 546 735 611 die
749 545 795 613 13
808 544 977 613 Febnsan'o'
992 547 1027 611 io
1040 546 1166 611 Italiam
1174 570 1254 634 pru-

185 659 346 748 ssotumm
368 684 440 743 aee,
463 662 627 753 eiquiflout.
1094 660 1149 743 (M.
1166 662 1253 746 141.)

170 792 340 859 Carissimo
362 792 455 861 fratri
477 798 510 861 et
531 792 661 881 speoiali
684 792 784 861 emim
806 792 977 877 W(ibaldo)
1000 791 1107 863 abbati
1128 794 1254 878 Alnsel·
1273 793 1343 851 1149

80 910 163 993 mus)
185 928 307 997 pauper
329 909 447 977 Christi
469 930 513 977 se.

168 1025 304 1105 Quidam
330 1028 458 1113 sapiens
486 1027 582 1111 dixit,
610 1026 721 1094 breves
746 1025 886 1095 rationes
907 1026 1068 1095 habendas
1089 1046 1159 1095 esse
1180 1046 1253 1095 oum

79 1142 207 1225 amieis3
236 1148 286 1211 set
312 1148 348 1209 tu
376 1162 434 1211 neo
461 1143 571 1228 longas
600 1162 658 1211 neo
684 1143 796 1210 breves
822 1143 1029 1210 iamdudum
1050 1162 1175 1212 meeum
1196 1144 1253 1211 ha·

77 1258 187 1343 buisti,
214 1278 273 1326 ueo
294 1278 360 1327 nna
381 1258 494 1326 saltem
515 1258 624 1327 littera
644 1280 696 1327 me
718 1256 874 1344 salutasti,
897 1261 1067 1347 presertim
1088 1280 1161 1328 eum
1180 1259 1251 1345 tibi,

77 1394 141 1442 non
162 1376 243 1443 mihi
266 1376 357 1463 eopia
379 1376 422 1442 sit
443 1375 627 1461 legatorum.
666 1376 748 1455 Quid
771 1382 820 1443 est
841 1375 920 1443 hoo?
941 1376 996 1443 ubi
1019 1376 1073 1443 es?
1095 1397 1156 1463 quo
1178 1396 1252 1465 per·

78 1492 166 1559 iisti?
190 1492 268 1578 quid
288 1492 367 1559 mihi
390 1498 422 1559 et
442 1490 522 1559 tibi?
546 1512 643 1578 qnare
664 1512 715 1560 me
737 1492 908 1559 dimisisti?

220 1607 354 1693 Wisera,
377 1628 469 1676 enrre
490 1613 586 1693 retro,
609 1615 717 1675 currat
737 1614 846 1677 tamen
867 1608 991 1675 Hauala
1010 1615 1105 1677 reete.

73 1724 142 1811 Ego
165 1730 276 1793 nmen
296 1730 385 1792 tuom
408 1725 584 1793 absentiam
606 1744 730 1812 semper
752 1726 852 1793 habeo
874 1730 1064 1813 presentem,
1087 1727 1155 1794 sivo
1172 1725 1252 1795 velis

74 1844 141 1910 sive
164 1842 258 1909 nolis
294 1842 412 1921 Quodsi
433 1842 524 1927 velis,
546 1860 671 1909 meeum
694 1846 742 1909 eet
763 1841 909 1909 voluntas
930 1846 1001 1925 tua3
1025 1842 1138 1929 quodsi
1157 1844 1251 1931 nolis,

73 1962 303 2045 oonseqnenter
325 1978 436 2025 verum
458 1963 517 2043 est,
545 1958 674 2027 absente
695 1963 752 2025 tna
774 1958 919 2025 absentia
939 1963 972 2025 te
993 1960 1101 2047 ipsum
1122 1980 1251 2047 presen-

73 2082 137 2143 tem
161 2096 244 2159 esse,
268 2080 300 2142 et
321 2075 432 2143 itidem
453 2080 510 2141 tna
523 2073 669 2141 voluntas
689 2093 813 2143 meeum
828 2079 886 2142 est.
959 2075 1030 2161 Ego
1044 2076 1086 2143 ad
1101 2076 1251 2145 domnum

72 2212 194 2281 papam
220 2192 255 2258 in
281 2192 427 2279 proximo
448 2193 552 2259 iturus
575 2210 661 2275 sum3
692 2192 720 2259 si
743 2192 819 2278 quid
839 2193 991 2259 mandare
1012 2192 1165 2279 volueris,
1192 2214 1251 2281 per

72 2330 123 2377 me
150 2316 244 2377 tuum
271 2307 354 2375 sieut
375 2326 432 2395 per
454 2313 486 2375 te
507 2308 614 2395 ipsum
635 2309 739 2377 faeere
759 2310 889 2397 poteris.
934 2308 972 2375 In
994 2309 1151 2377 dominioo
1171 2312 1250 2379 Eoo

69 2421 168 2493 aad?
190 2424 335 2493 movebo.
410 2424 623 2492 Oaneellarins
638 2430 671 2491 te
692 2424 866 2513 plurimum
887 2424 1008 2509 diligit3
1031 2426 1116 2510 quod
1132 2430 1169 2493 ut
1182 2446 1250 2493 oer-

70 2544 134 2609 tius
158 2542 254 2626 seiae,
276 2536 427 2627 litteras',
451 2562 529 2627 quas
550 2562 652 2629 nuper
666 2541 746 2609 mihi
759 2542 857 2626 misit,
879 2541 939 2609 tibi
953 2542 1061 2625 mitto;
1085 2560 1162 2626 quus
1177 2560 1249 2610 oum

71 2658 201 2744 legeris,
222 2658 302 2725 mihi
323 2658 458 2725 remitte.

74 2862 162 2935 159.
183 2864 343 2931 Widaldoo
350 2865 494 2931 Amelmo
505 2862 1248 2951 episcopoHaoelderpeusa'intercapediaemron'·

185 2981 278 3047 herodi
292 2990 425 3047 eamcam.
448 2981 569 3046 Romae
585 2990 613 3045 et
621 3002 746 3067 papam
761 2991 791 3045 et
804 2980 1023 3045 cancellarium
1033 2981 1166 3047 solutast
1175 2982 1247 3047 uolt

184 3096 328 3163 Adonem
350 3098 492 3163 abbatem
513 3096 786 3180 Rooenseldeaeem
808 3096 1010 3161 commendat.
1086 3094 1248 3179 (11149.)

161 3229 347 3297 Reuerendo
368 3230 454 3317 patri
475 3248 532 3295 suo
547 3227 724 3311 A(nselnm)
746 3230 896 3316 pauperis
918 3230 1056 3297 civitatis
1078 3234 1112 3297 et
1131 3230 1338 3298 11011ἰοί1119

70 3348 148 3417 oleri
163 3345 381 3415 Havelebereh
400 3344 573 3413 venerabili
593 3346 740 3433 episeopo
755 3346 854 3413 irater
864 3344 1053 3430 Wtibuldus)
1068 3346 1131 3414 Dei
1145 3348 1249 3433 gratia

69 3466 113 3550 id,
137 3463 226 3551 quod
248 3468 296 3531 eet
317 3464 352 3529 in
374 3462 527 3530 aeeclesia
548 3462 710 3547 catholiea,
734 3482 769 3529 se
791 3462 906 3548 ipsum.

159 3580 307 3665 Arguitie
329 3584 481 3663 nostram,
503 3582 540 3645 ut
555 3598 609 3645 vos
633 3579 798 3664 estimatis,
820 3578 1043 3664 negligentiam
1056 3579 1163 3648 uerbis
1177 3580 1247 3667 qui-

69 3700 144 3767 dem
168 3698 209 3764 de
230 3697 343 3763 intimo
366 3696 512 3764 karitatis
535 3694 672 3763 sacrario
696 3696 901 3783 depromptis,
924 3716 961 3762 eo
984 3696 1067 3783 quod
1082 3718 1138 3764 vos
1157 3702 1246 3764 tanto

70 3814 227 3903 temporis
256 3832 382 3881 emenm
404 3812 511 3899 spatio
533 3832 593 3879 noe
613 3812 786 3879 viderimus
809 3832 867 3879 nee
889 3811 1147 3896 salutaverimus,
1173 3834 1246 3899 pre·

70 3933 185 4000 sertim
206 3950 279 3998 oum
300 3929 391 3997 nobis
414 3949 478 3997 non
501 3929 583 3996 desit
602 3928 778 4013 legator-um
792 3929 893 4014 eopia.
923 3928 979 3995 Set
998 3927 1082 3995 absit
1102 3930 1123 3996 d
1143 3928 1244 4015 nobis,

69 4054 162 4137 pater
185 4047 363 4131 karissime,
386 4044 443 4113 illa
463 4045 568 4113 lethea
589 4044 715 4131 oblivio,
737 4044 795 4112 illa
815 4064 879 4112 non
901 4044 1032 4131 puerilis
1055 4051 1104 4111 set
1125 4043 1245 4112 stultis-

71 4167 153 4233 sima
181 4162 390 4249 negligentia,
418 4184 497 4250 qnae
526 4162 564 4230 ab
588 4163 692 4229 animo
714 4168 823 4228 nostro
846 4161 961 4228 avellat
981 4162 1080 4227 vestii
1102 4180 1174 4227 oum
1195 4162 1245 4229 in·

71 4283 150 4351 tima
183 4280 350 4349 dilectione
383 4282 578 4349 memoriam.
631 4278 792 4367 Scriptum
819 4283 882 4345 est:
924 4279 984 4345 Udi
1011 4291 1055 4345 eoo
1082 4280 1244 4348 Quom

143 4408 169 4460 1.
192 4404 262 4459 1149
280 4403 361 4460 Febr.
375 4404 418 4459 13.
489 4403 516 4459 2.
539 4418 566 4459 v.
584 4418 649 4472 epp.
662 4403 713 4459 121
726 4406 755 4459 et
768 4403 819 4456 122
837 4416 921 4469 supra
937 4416 965 4470 p.
980 4398 1040 4455 195.
1053 4400 1115 4458 196.
1212 4456 1216 4463 ,
