3117 4859
334 232 404 301 238
712 248 861 297 wmarm
882 246 1048 297 mrsrom
1070 246 1122 295 ιιι.

232 400 318 521 1014·ssl
334 397 430 461 omem
449 392 576 459 romalii
595 392 687 459 verbo
709 393 849 459 resedere
870 412 1071 478 nequaquam
1084 390 1253 457 υαῖιιιιιιιιι.
1281 386 1393 475 Nepae
1405 390 1486 469 enirn

304 476 366 576 lsi
388 523 483 597 prata
509 510 600 575 soon
622 522 699 575 esset
719 510 812 575 mm
835 510 998 596 dignitatis
1022 508 1153 589 oblatio,
1182 530 1211 571 er
1206 503 1410 571 ’θοι-ὂιίιιιιί
1429 526 1487 569 nee·

335 628 446 693 elenae
466 649 593 714 preesse
613 630 704 693 irrata
724 648 816 693 nram
837 626 1013 693 electionem
1034 638 1263 713 appeteremus,
1292 623 1351 689 doe
1371 622 1459 689 aab
1446 645 1489 685 ιιι-

335 757 416 811 nerto
438 744 648 811 multitudines
670 766 799 809 assensa
821 756 1033 824 tractaremus,
1060 754 1218 829 sequentes
1240 740 1385 807 videlieet
1403 741 1493 803 nostri

335 863 484 927 desiderii
505 863 714 947 propositam
749 859 846 925 Narro
872 882 961 940 aero,
991 860 1062 927 Deo
1089 860 1246 939 adimere,
1276 862 1380 923 nostr-i
1399 858 1493 923 sordis

333 980 534 1043 attentionem
554 979 602 1042 r’ta
614 977 829 1059 firmavimus²
854 990 889 1043 ut
911 999 948 1043 ea
969 978 1059 1041 nobee
1082 976 1208 1043 comitii
1222 978 1332 1063 partio
1351 986 1496 1062 per-prata

335 1096 386 1174 sit,
410 1115 501 1181 quae,
525 1094 661 1159 domante
676 1092 803 1181 Spemne
824 1106 942 1175 sanato,
965 1094 1055 1159 nobis
1079 1098 1099 1157 ά
1121 1105 1223 1159 vestm
1228 1092 1437 1177 fraternitate
1452 1095 1495 1157 r'a·

335 1212 446 1276 temate
463 1210 578 1295 fueret.
613 1210 683 1275 Hae
710 1222 831 1277 tantum
857 1223 992 1277 nestram
1013 1210 1219 1297 prudentiam
1245 1230 1424 1275 ammonere
1449 1228 1496 1272 m·

335 1348 497 1413 quaquam
511 1326 699 1409 dabr'tamua
716 1340 752 1394 at
766 1366 809 1377 -
832 1340 985 1413 quantam
994 1350 1056 1415 per
1069 1326 1136 1393 Dei
1143 1327 1393 1413 providendam,
1409 1325 1497 1391 eorda

335 1444 495 1509 tmninnm
522 1446 671 1509 moomn'e
694 1457 722 1510 et
742 1447 778 1511 in
801 1467 907 1511 eornm
929 1444 1074 1511 sordibus
1098 1445 1256 1529 operarum
1279 1444 1324 1509 ad
1346 1442 1497 1507 melmun·

336 1561 394 1625 dar
417 1581 523 1625 eoram
544 1560 715 1627 noluntates
737 1582 922 1647 quoeunque
935 1562 1077 1639 ooluatt,
1100 1572 1219 1625 oestrm
1235 1561 1424 1625 deherstiam
1436 1559 1498 1625 le'er'·

336 1688 402 1741 tam
423 1688 468 1741 eet
487 1714 529 1725 -
549 1677 607 1743 hoe
624 1678 835 1765 provideatis,
863 1678 921 1743 Irae
943 1676 1122 1758 comeam,
1146 1676 1204 1741 Iron
1225 1677 1399 1757 madeatrb,
1423 1674 1501 1761 pand

336 1792 500 1859 sommae
529 1805 558 1857 et
584 1794 767 1879 corporibus
792 1796 908 1859 mornas
931 1806 1024 1881 atque
1046 1795 1233 1859 monaamrio
1256 1806 1357 1859 vaano
1378 1793 1501 1859 rame

336 1921 435 1973 eneam
455 1911 591 1975 maimo
611 1910 802 1975 {adnabam
886 1909 986 1977 Tanto
1009 1908 1147 1996 pondere
1169 1908 1230 1977 sibi
1252 1908 1423 1995 imposito,
1445 1908 1501 1974 tre

334 2028 401 2091 tres
422 2023 561 2111 primum
583 2025 727 2093 exterriti
747 2025 885 2110 fuerunt,
911 2026 1020 2093 sedulo
1042 2030 1193 2113 petentes,
1217 2030 1252 2091 nt
1274 2024 1415 2093 fratrum
1438 2044 1502 2091 suo-

335 2160 407 2207 rum
434 2139 488 2226 qui
517 2139 648 2207 aberant
672 2146 704 2209 et
725 2141 979 2209 ministerialium
1002 2140 1171 2209 aemlesias
1192 2142 1388 2229 presentiam
1415 2160 1502 2229 expe

335 2260 421 2323 etare
442 2255 592 2341 valerent,
616 2276 688 2323 oum
710 2259 823 2343 quibus
846 2260 1073 2327 communicato
1095 2257 1235 2343 oonsilio,
1258 2258 1335 2345 qnid
1351 2258 1503 2345 optimum

335 2373 420 2441 iaetu
441 2372 615 2457 rideretur,
643 2374 764 2461 pariter
787 2376 978 2445 ordinarent.
1016 2375 1080 2443 Nos
1104 2380 1231 2443 econtra
1252 2374 1444 2441 instantiam
1465 2372 1503 2441 le·

334 2496 479 2575 gatorum
506 2490 573 2557 iarn
598 2490 723 2574 regredi
750 2491 998 2560 desiderantium
1020 2491 1270 2579 opponebamus,
1301 2496 1333 2557 et
1355 2492 1503 2577 precipue

335 2607 402 2674 voti
422 2608 525 2673 nostri
547 2626 584 2673 ao
605 2608 784 2693 sponsionis
807 2608 976 2692 vinculum,
1006 2629 1066 2695 qno
1089 2608 1135 2674 sie
1157 2607 1287 2691 obligati
1310 2628 1452 2691 eramus,
1474 2612 1504 2671 ut

336 2724 394 2791 sub
416 2724 527 2791 eadem
547 2724 627 2791 hora
648 2724 687 2793 ab
709 2724 769 2809 his,
794 2724 847 2811 qni
869 2730 1032 2812 presentes
1051 2730 1150 2809 erant,
1174 2723 1253 2791 solvi
1267 2725 1303 2791 in
1318 2723 1503 2791 alterutram

335 2845 459 2927 partem
481 2847 649 2927 oporteret

425 2956 549 3041 Itaque,
579 2958 702 3024 emissis
724 2958 816 3025 nobis
839 2979 859 3025 a
880 2956 1042 3045 capitolio,
1071 2956 1201 3041 iratres,
1223 2954 1400 3044 plurimum
1425 2953 1505 3022 auxii

337 3091 375 3139 ao
399 3078 555 3139 merentes
578 3092 690 3141 causae
712 3073 805 3141 huius
827 3080 994 3159 utrumque
1017 3071 1099 3139 latus
1122 3071 1254 3139 sollicite
1275 3076 1504 3159 peruastantes

337 3188 452 3273 diuque
474 3208 512 3255 ao
532 3189 667 3257 multum
688 3190 773 3257 iuter
789 3196 961 3276 utrumque
984 3189 1131 3273 emeno,
1157 3188 1277 3271 legatos
1300 3187 1434 3255 taudem
1456 3186 1504 3253 ad

337 3304 501 3389 mearunt,
523 3306 621 3373 totius
642 3307 689 3373 rei
711 3312 818 3391 gestae
841 3307 985 3373 ordinem
1004 3305 1128 3393 plenius
1151 3304 1312 3371 addiscere
1333 3304 1502 3391 cupientes.

338 3418 444 3487 Brono
472 3423 652 3509 prepositus
673 3444 774 3489 novae
797 3422 976 3506 aecclesiae,
1001 3423 1055 3508 qui
1077 3422 1159 3489 inter
1181 3422 1295 3487 missos
1318 3426 1390 3487 orat
1413 3421 1504 3487 hono-

337 3536 452 3619 ratior,
486 3535 672 3623 loquebatur
708 3539 863 3625 quaedam
896 3538 1044 3623 grandia,
1083 3537 1242 3605 videlieet:
1284 3535 1504 3603 Gorbeiensem

338 3652 521 3720 aeeclesiam
543 3654 593 3721 ius
615 3653 749 3722 liberum
764 3655 925 3723 electionis
941 3654 1065 3740 habere,
1089 3674 1149 3741 quo
1164 3673 1248 3721 nune
1263 3657 1348 3719 esset
1361 3674 1423 3721 usa
1437 3672 1505 3719 eon·

338 3768 475 3837 norditer
502 3775 534 3837 et
560 3771 677 3857 absque
698 3771 764 3837 ulla
786 3772 837 3839 rel
858 3773 982 3839 minimi
1004 3772 1093 3839 vorbi
1115 3770 1325 3851 dissensione;
1355 3770 1503 3850 futurum

337 3892 375 3953 ut
394 3885 484 3973 prius
507 3886 569 3953 tria
590 3887 680 3955 milia
700 3908 879 3955 marearum
897 3888 1021 3973 argenti
1036 3887 1235 3975 expenderet,
1259 3906 1355 3971 quam
1370 3886 1411 3955 ab
1426 3882 1503 3971 opti·

337 4003 440 4071 nendo
463 4003 561 4070 eleeto
584 4024 640 4071 suo
664 4004 843 4089 danesse
872 4004 1022 4073 Corbeiee
1044 4005 1198 4073 maumas
1221 4007 1253 4068 et
1274 4006 1406 4090 pacatas
1429 4000 1503 4067 divi·

338 4122 399 4189 tias
423 4142 502 4206 esse,
524 4120 639 4187 fratres
660 4120 844 4206 religionem
867 4127 974 4191 tenere
997 4128 1030 4191 st
1051 4127 1087 4190 ut
1109 4126 1259 4205 augeatur
1277 4119 1457 4187 desiderare
1470 4134 1502 4183 ao

338 4244 460 4325 petere3
483 4237 705 4306 ministeriales
726 4237 819 4305 valdo
841 4238 1012 4327 locupletes
1031 4260 1109 4323 esse,
1131 4236 1253 4305 nullum
1268 4235 1354 4303 iuter
1369 4254 1422 4302 sos
1437 4252 1501 4301 rer·

337 4355 414 4422 bum
440 4376 496 4423 seu
522 4355 660 4441 litigium
686 4355 726 4422 de
755 4354 999 4423 villicationibus
1026 4354 1215 4423 hereditario
1238 4354 1307 4421 iure
1329 4350 1499 4421 obtinendis
