3117 4859
276 253 339 320 106
663 269 812 318 wmarnn
832 267 998 318 neronom
1018 267 1055 316 ns.

105 415 176 471 1146
191 417 405 502 ‚oz-stupens
433 412 554 496 gaudw
582 417 615 480 at
642 411 781 496 gaudens
810 415 937 499 stupeo,
965 429 1024 478 neo
1051 414 1159 478 tamen
1179 407 1305 496 inipso
1327 407 1443 493 gando
1500 409 1508 416 '

106 488 175 544 ¹¹⁴⁷
190 503 223 540 ¹²
273 529 388 596 timore
409 548 516 596 aereo:
539 528 702 613 gratulans
724 528 869 614 equidem
890 547 949 614 pro
964 525 1125 594 amiciciae
1139 526 1245 594 debito
1260 545 1355 613 snper
1367 531 1446 594 tuae

273 665 427 734 personae
448 651 516 712 tam
536 645 706 732 multiplici
728 650 761 712 et
782 681 824 692 -
847 649 883 712 ut
904 664 1013 712 verum
1035 643 1145 728 fatear,
1169 642 1244 728 quia
1262 641 1356 710 modo
1376 663 1445 712 non

273 762 381 831 abbati
408 768 458 830 set
476 760 621 830 Wiboldo
648 781 719 830 meo
746 760 857 848 loquor
884 797 927 808 -
956 759 1051 828 nimis
1079 759 1243 848 inopinate
1271 758 1445 847 aliquande

272 879 509 962 sublimation03
539 884 588 966 set
614 883 720 946 metuo
745 899 803 963 ne,
831 878 915 965 quod
935 877 1108 944 humanum
1130 880 1193 961 est,
1219 881 1292 944 tuus
1316 877 1444 944 animus

271 1016 336 1064 non
363 973 453 1064 nulle
479 994 660 1063 sublevetur
687 995 831 1086 elatione
878 993 934 1062 Set
954 997 1005 1078 tu,
1032 993 1078 1060 mi
1100 991 1209 1060 doetus
1233 1013 1253 1059 a
1273 993 1440 1081 prophete,

272 1113 349 1200 qnid
369 1113 526 1181 retribuas
548 1111 684 1179 Domino
707 1131 766 1199 pro
789 1110 933 1178 omnibus
956 1129 1035 1196 quae
1056 1108 1204 1177 retribuit
1224 1105 1321 1178 tibi¹i
1354 1109 1442 1178 Gali-

272 1249 342 1298 eem
367 1229 515 1298 salutaris
543 1229 666 1316 eeeipo,
696 1233 730 1296 et
748 1247 865 1296 nornen
886 1225 1015 1294 Domini
1035 1221 1206 1294 inuooato'.
1253 1225 1442 1314 Qnmtoqne

271 1367 405 1432 magnus
428 1368 473 1431 es,
496 1351 648 1434 quantum
669 1367 721 1414 res
743 1345 873 1433 patitur,
896 1342 1028 1410 humilio
1049 1348 1082 1411 te
1103 1341 1138 1408 in
1160 1339 1330 1412 omnibus⁸.
1372 1343 1441 1412 No·

271 1483 354 1548 men,
376 1464 517 1551 inquam,
539 1463 668 1530 Domini
690 1464 811 1546 invooa,
833 1460 973 1544 rogitans
996 1463 1029 1525 et
1048 1459 1240 1546 supplieans,
1262 1465 1298 1526 nt
1309 1459 1440 1530 illorum

270 1601 400 1648 numero
433 1600 498 1647 non
532 1579 731 1663 essoribaris,
767 1577 807 1645 de
840 1576 952 1663 quibus
980 1575 1164 1644 terribiliter
1191 1577 1343 1664 seriptum
1371 1584 1439 1646 est:

269 1699 419 1766 Des‘eee‘eta‘
445 1722 510 1780 eor,
538 1699 614 1763 dom
635 1690 866 1762 allmoemtrer‘.
912 1692 1099 1760 Timendum
1120 1693 1195 1779 tibi,
1223 1693 1439 1782 dfloodseime,

269 1813 395 1881 videtur
415 1834 471 1898 ne,
499 1812 582 1899 quod
604 1811 696 1898 absit,
718 1811 803 1880 bona
823 1811 957 1898 reeipias
979 1811 1014 1876 in
1036 1810 1103 1878 vita
1123 1815 1180 1878 tua
1199 1811 1364 1898 minusque
1384 1833 1440 1882 re·

269 1935 412 1998 servetur
433 1931 467 1997 in
489 1930 556 1996 vita
576 1930 690 1996 futura
725 1927 834 2014 Itaque
855 1927 1029 1996 terribilem
1043 1927 1078 1994 in
1092 1926 1230 1995 consiliis
1245 1949 1340 2018 super
1353 1927 1439 2000 filios

268 2043 447 2117 hominnm'
469 2046 573 2113 Deum
595 2066 720 2133 semper
741 2044 867 2113 attende
890 2050 938 2128 et,
964 2050 1001 2112 ut
1022 2045 1089 2112 eius
1111 2043 1276 2112 eonsilium
1298 2046 1358 2114 tibi
1379 2045 1440 2116 fiae

268 2163 475 2249 salutiferum,
499 2163 734 2249 quibuscunque
756 2161 868 2228 studiis
883 2160 1000 2245 valeas,
1023 2161 1123 2248 ipsius
1137 2163 1272 2246 gretiam
1287 2162 1346 2230 tibi
1361 2183 1439 2232 oon-

268 2280 376 2347 eiliare
393 2281 508 2365 ingiter
522 2278 659 2345 intende.
729 2276 785 2344 Set
799 2277 874 2364 quid
889 2277 1022 2363 agimus,
1045 2278 1170 2345 anima?
1193 2280 1243 2344 eui
1256 2277 1438 2365 loquimur?

268 2396 359 2464 dooto
382 2417 423 2464 an
444 2395 591 2463 indootoi
623 2394 675 2462 Illi
697 2394 824 2481 quidem
845 2392 1013 2482 loquimur,
1036 2415 1128 2482 quem
1146 2394 1313 2481 aliquando
1328 2395 1438 2464 dooui·

266 2533 352 2597 mns3
381 2517 430 2580 set
450 2512 534 2580 unde
556 2511 648 2579 valde
669 2511 880 2597 gratulamur,
903 2512 938 2578 in
959 2509 1118 2579 nonnullis
1141 2531 1213 2578 eum
1234 2533 1292 2580 nos
1308 2532 1437 2600 proees-

267 2630 346 2697 sisse
367 2628 581 2715 eognovimus,
603 2627 908 2721 quemfdisoipulum
930 2628 1097 2715 aliquando
1119 2627 1294 2696 babuimus.
1335 2629 1438 2698 Vehe-

266 2747 385 2814 mentia
406 2752 513 2813 tamen
536 2743 665 2813 affectus
687 2765 745 2812 nos
768 2744 964 2832 aliquatenus
983 2745 1168 2832 insipientes
1183 2745 1331 2832 reddidit,
1354 2766 1437 2833 quae

265 2862 345 2930 tales
368 2861 652 2930 admonitiunculas
673 2862 761 2929 velut
783 2862 824 2928 ed
844 2861 949 2930 minus
971 2861 1156 2948 eapientem,
1179 2863 1269 2948 qnasi
1290 2862 1362 2950 plus
1383 2884 1436 2932 sa-

265 2998 421 3066 peremus,
445 2979 553 3047 edidit.
586 2978 658 3046 Non
679 2979 726 3046 aie
747 2979 856 3065 utique
872 2979 942 3065 qnia
957 2978 1092 3063 estimet,
1115 2977 1199 3064 qnod
1213 2978 1324 3046 dooere
1338 2979 1435 3048 velim

266 3096 438 3162 doetiorem
463 3096 555 3182 qnasi
580 3095 686 3162 minus
714 3094 857 3180 doctum
888 3099 936 3162 set
963 3093 1065 3162 eelere
1093 3115 1156 3162 non
1179 3115 1308 3183 possum
1330 3097 1435 3166 eordis

266 3209 421 3279 affeotnnn
511 3211 578 3278 lam
605 3230 690 3279 nuno
715 3217 823 3280 tamen
851 3211 915 3279 iste
937 3209 1110 3298 suffieiant,
1140 3212 1238 3282 donee
1260 3214 1434 3302 rideamus,

266 3327 413 3414 quatinus
442 3328 513 3416 ipse
538 3326 712 3415 profitiant
759 3327 840 3407 Quia
867 3329 951 3396 enim
975 3327 1062 3396 Deus
1091 3331 1287 3418 omnipotens
1315 3330 1434 3402 indioio

265 3464 338 3529 suo,
365 3444 449 3532 quod
470 3446 539 3532 ipse
560 3446 663 3530 norit,
686 3450 775 3512 tuam
796 3440 964 3513 uidniam‘
986 3445 1083 3514 miehi
1104 3448 1253 3534 prestitit,
1275 3467 1358 3518 nuno
1379 3448 1434 3518 lit-

264 3561 342 3630 teris
364 3581 448 3629 nuno
468 3563 540 3649 ipsa
561 3562 717 3650 eorporali
737 3563 908 3649 presentie,
936 3563 966 3630 si
986 3568 1093 3630 tamen
1115 3563 1174 3632 tibi
1195 3564 1359 3652 pleonerir,
1382 3587 1434 3636 se·

263 3679 336 3766 pins
364 3683 397 3746 te
418 3678 548 3746 uisitare
572 3698 637 3745 non
659 3679 849 3767 pigritabor,
873 3679 949 3765 quin
971 3684 1027 3746 tna
1047 3679 1254 3768 iocunditate,
1283 3703 1346 3769 que
1366 3683 1433 3752 iam

263 3794 440 3863 diutissime
461 3795 625 3863 fraudatus
646 3795 702 3879 ini,
724 3795 984 3864 eoniooundobor.
1019 3796 1106 3864 Vale.

334 3963 360 4016 1.
384 3961 430 4017 Ps.
449 3961 509 4031 115,
529 3961 571 4017 12.
625 3961 650 4016 2.
675 3961 720 4016 Pe.
740 3961 800 4030 115,
821 3961 863 4017 13.
916 3961 943 4017 3.
965 3961 1051 4017 Eeoli.
1070 3963 1096 4032 3,
1114 3963 1157 4018 20.
1211 3965 1239 4020 4.
1261 3965 1306 4020 Ps.
1325 3965 1368 4037 12,
1387 3967 1432 4024 18.

262 4049 290 4106 b.
307 4051 353 4107 Ps.
365 4051 409 4121 65,
423 4051 450 4106 b.
502 4051 529 4106 6.
547 4049 706 4107 Rainhnsen
723 4050 797 4106 enim
816 4049 925 4108 medioo
942 4055 1050 4108 tantum
1067 4053 1213 4110 intervallo
1230 4053 1316 4111 distet
1332 4071 1350 4111 a
1366 4055 1433 4113 Gor·

262 4139 338 4211 beia;
357 4156 408 4196 nee
426 4140 608 4196 dubitandum
625 4144 677 4207 est,
696 4138 764 4210 quin
782 4137 851 4196 haee
867 4140 985 4210 epistola
1001 4141 1037 4197 ad
1049 4141 1208 4200 Wibnidnm
1227 4143 1331 4202 fretum
1348 4145 1433 4204 abba·

262 4231 319 4285 tam
337 4229 544 4300 corbeiensem,
562 4233 742 4299 posteaquam
760 4227 905 4285 Gorbeism
923 4228 969 4286 die
988 4231 1022 4286 18
1039 4231 1107 4289 Dee.
1127 4233 1197 4290 1146
1214 4233 1371 4306 devenerit,
1394 4235 1434 4294 sit

263 4333 354 4375 mrssa
