3117 4859
434 309 584 359 wmarnr
604 310 769 359 nurerum
791 312 846 359 ros.
1158 296 1224 364 275

69 446 145 517 166.
165 452 370 538 Moneqoldus
403 455 568 519 canonieus
596 454 857 545 Poderborneusu'o
885 455 1021 522 wibaldo·
1053 457 1224 523 decussum

163 568 364 655 uirtutenpae
386 569 503 635 laudm.
549 571 556 583 “
1063 570 1117 652 (hl.
1136 572 1224 655 146.)

142 698 279 765 Domino
306 700 475 784 Wtibaldo)
503 702 675 770 venerabili
702 702 939 770 Corbeiensium
971 704 1076 771 abbati
1104 703 1225 787 tuane
1243 720 1314 776 1149

63 813 177 897 goldus)
200 837 285 901 suus,
308 816 343 882 in
357 818 501 884 omnibus
518 820 656 902 negociis
679 826 812 905 utruque
835 840 930 886 manu
952 821 1000 886 uti
1022 840 1080 907 pro
1102 820 1224 887 dextra

143 930 296 1009 Quociens
311 931 459 1000 Mercurii
482 940 513 1001 et
528 934 719 1019 Philologiae
742 938 932 1021 coniugium,
955 941 1046 1004 tanta
1063 956 1139 1003 curu
1153 936 1226 1003 Vir·

63 1048 131 1114 tutis
157 1054 189 1115 et
210 1048 369 1136 Apollinis
393 1050 549 1137 quesitum
572 1055 604 1118 et
626 1053 712 1119 omui
734 1059 907 1120 conventu·
930 1053 1061 1120 deorum
1083 1072 1226 1139 compro-

63 1164 162 1231 butum
171 1162 188 1251 ¹,
213 1166 386 1253 considero,
411 1166 487 1233 dum
508 1168 591 1233 inter
614 1167 677 1233 ulia
694 1174 817 1255 septem
832 1169 1042 1256 Nimphurum
1057 1168 1226 1235 adventum

63 1282 213 1368 perpendo
237 1288 269 1349 et
290 1282 485 1367 singularum
507 1284 717 1371 proprietates
741 1286 879 1371 attendo,
904 1285 1068 1373 amplexus
1090 1290 1157 1351 tum
1173 1284 1227 1351 de-

62 1398 231 1465 siderabilis
254 1400 393 1489 coniugii
414 1420 478 1465 non
501 1397 678 1467 carnalibus
701 1400 838 1467 brachiis
862 1402 1024 1493 exhibitos¹
1032 1402 1121 1469 vobis
1137 1401 1227 1467 attri-

63 1512 126 1599 buo,
149 1514 224 1581 dum
240 1516 341 1581 tocius
357 1514 573 1603 philosophiae
587 1514 707 1601 florem,
731 1518 806 1583 dum
822 1522 854 1583 et
869 1518 1043 1584 divinitatis
1060 1522 1092 1584 et
1106 1522 1228 1603 septem

62 1628 231 1697 hberalium
254 1631 371 1698 artium
393 1636 425 1698 et
445 1634 585 1699 omnium
601 1628 878 1720 pedissequarum’
894 1634 1059 1701 scientiam
1074 1633 1158 1721 apud
1172 1653 1228 1699 vos

62 1752 90 1812 et
110 1748 281 1814 armarium
304 1748 407 1815 studio
429 1748 555 1815 invenio
579 1749 788 1836 aptissimum.
873 1748 984 1816 Preter
1005 1749 1087 1817 hanc
1108 1750 1229 1837 specie-

61 1860 118 1927 lem
139 1862 328 1930 industriam
350 1864 531 1951 predicatur
552 1865 591 1931 de
612 1865 702 1939 vobis
726 1864 880 1949 accidens,
907 1865 996 1933 vobio
1018 1865 1229 1953 inseparabile

63 1981 236 2066 etproprie
259 1981 434 2067 proprium,
458 1980 577 2047 scilicet
600 2001 723 2047 morum
747 1980 903 2049 excellens
923 1982 1111 2066 ingenuitas.
1145 1981 1229 2061 Quos

63 2114 127 2162 cum
153 2096 267 2183 phisici
293 2096 464 2163 secundum
487 2096 654 2182 qualitates
676 2097 948 2185 complexionum*
971 2097 1105 2183 probent
1127 2097 1229 2164 divor-

63 2210 180 2297 sificari,
204 2212 296 2279 lucide
319 2212 447 2300 probari
469 2218 584 2303 potest,
607 2235 663 2279 vos
679 2214 800 2301 optimu
814 2213 1031 2301 complexione
1046 2214 1228 2299 temperari.

63 2326 247 2413 vosigitur,
272 2330 326 2415 qui
348 2349 411 2395 non
435 2330 511 2397 estis
535 2328 697 2397 dealbatus
720 2329 753 2395 in
771 2324 920 2417 pariete⁸,
944 2334 992 2396 set
1006 2330 1095 2413 niger
1111 2330 1145 2395 in
1160 2350 1229 2395 cor-

63 2446 142 2530 poris
164 2444 340 2533 superfieie,
361 2446 444 2511 miro
460 2446 621 2530 virtutum,
645 2445 795 2512 scientiae
817 2450 849 2513 et
870 2466 994 2511 morum
1011 2444 1154 2511 claritate
1168 2444 1229 2510 ful-

64 2561 136 2643 getis
157 2562 191 2627 in
213 2566 349 2648 pectore.
395 2560 534 2640 Quorum
558 2563 697 2628 omnium
721 2563 764 2645 si,
793 2566 946 2647 quantum
968 2562 1091 2645 scirem,
1115 2561 1229 2647 proba-

64 2676 158 2743 tiones
180 2698 362 2763 exequerer,
385 2676 567 2744 favorabilr
585 2699 662 2743 aura
677 2698 769 2743 uures
785 2683 906 2744 vestras
920 2676 1070 2762 liniendo,
1094 2676 1133 2743 de
1148 2676 1229 2742 vicio

11 2864 12 2871 χ
65 2791 246 2859 adulationis
270 2797 301 2858 et
323 2792 471 2879 yperbole
493 2792 615 2859 noturi‘¹
637 2795 783 2860 timerem
806 2798 837 2859 et
859 2792 1037 2880 epistolaris
1052 2792 1230 2880 compendii

65 2913 174 2974 metam
196 2909 387 2975 excederem.
424 2908 458 2975 Si
482 2910 578 2993 igitur
601 2908 721 2995 aliquid
741 2908 916 2998 perfectum
938 2915 1052 2975 natura
1071 2909 1105 2975 in
1119 2910 1230 2975 huma-

65 3024 108 3089 nis
131 3025 402 3091 adinventionibus
425 3026 638 3112 expolivisset,
661 3026 749 3092 vobis
772 3027 913 3113 profecto
935 3025 1079 3113 plenaria
1093 3046 1158 3092 non
1177 3024 1231 3091 dc-

65 3145 141 3206 esset
167 3141 333 3229 pemecti03
362 3162 435 3207 cum
463 3148 569 3207 tamen
597 3142 695 3208 nichil
723 3143 940 3209 emendatione
968 3142 1099 3225 dignum
1121 3140 1172 3207 vel
1197 3142 1231 3207 in

65 3256 147 3322 vobis
168 3256 220 3323 vel
242 3258 276 3349 in
298 3257 390 3323 domo
413 3256 464 3324 vel
485 3260 519 3324 in
540 3258 671 3343 familia,
694 3258 793 3324 nichil
815 3258 942 3324 omnino
957 3257 1007 3323 vel
1029 3258 1063 3324 in
1086 3262 1231 3324 contento

66 3371 112 3437 vel
126 3373 157 3437 in
174 3374 363 3457 continente,
387 3373 470 3460 quod
493 3375 586 3441 modo
610 3396 681 3441 eum
705 3374 875 3440 artificiosa
897 3374 998 3458 surgit
1015 3373 1231 3460 dispositione,
1302 3354 1307 3361 ⁴

67 3488 279 3573 corrigendum
307 3490 495 3575 invenerim,
525 3490 587 3556 nisi
617 3490 766 3577 quiddam
796 3500 905 3556 contra
934 3490 1169 3578 ortographiem
1198 3490 1232 3555 in

68 3604 293 3691 superliminari
316 3606 462 3672 australis
486 3603 623 3691 ianuae⁴,
652 3606 735 3692 quod
756 3626 821 3672 non
844 3628 883 3671 ex
905 3606 1085 3690 ignorantia
1106 3628 1171 3673 nou
1193 3627 1232 3672 ex

68 3720 266 3806 negligentia,
295 3727 343 3788 set
371 3744 410 3788 ex
438 3722 559 3808 aliquo,
591 3743 687 3809 quum
709 3724 825 3807 nostis,
854 3723 973 3788 factum
996 3728 1045 3789 est
1066 3722 1230 3788 industria

68 3832 192 3923 Propter
219 3838 296 3904 haee
324 3839 431 3904 omnia
452 3838 536 3905 ultra
558 3860 652 3924 quam
675 3838 737 3923 dici
760 3838 811 3904 vel
833 3838 919 3904 credi
941 3842 1046 3925 potest
1070 3838 1151 3904 mihi
1179 3837 1233 3903 de·

133 3985 152 4017 a
173 3968 281 4018 convent⁰
295 3992 314 4018 c.
376 3970 399 4018 b.
421 3972 596 4031 completionum
612 3973 664 4019 cod.
727 3986 746 4019 c.
762 3971 857 4018 isvornli
873 3992 892 4018 c.
957 3972 980 4018 d.
995 3972 1069 4018 voturi
1084 3992 1104 4018 c.

133 4058 157 4111 1.
180 4058 215 4113 V.
234 4058 361 4113 Mart-isui
379 4058 507 4126 Gepellse
531 4056 681 4113 Satiramm
705 4056 806 4113 librum
826 4060 841 4113 1
861 4062 891 4113 et
908 4059 937 4127 2,
962 4058 1010 4127 qui
1032 4055 1232 4112 inscribuntur:

70 4143 124 4212 ,ue
139 4147 245 4216 nuptiis
258 4146 429 4217 Philologus
446 4150 475 4201 ot
486 4146 634 4203 llcrcuril“
652 4146 706 4215 (cd.
719 4148 804 4217 Kopp
821 4147 998 4216 p.1-252).
1070 4148 1098 4201 2.
1121 4146 1231 4201 artium.

71 4232 94 4286 3.
110 4236 168 4290 Act
181 4241 269 4306 apost
284 4236 326 4305 23,
339 4238 364 4290 3.
435 4235 462 4290 4.
480 4236 550 4291 Tres
561 4236 667 4292 litteras
680 4238 791 4292 voculas
802 4237 875 4291 enim
888 4237 917 4289 in
929 4234 1095 4290 Uuibuldi
1113 4235 1233 4290 nominis

71 4320 141 4381 initio
157 4326 262 4395 positus
279 4324 446 4393 improbavit
463 4324 655 4395 manegoldum
675 4326 719 4380 cui
737 4325 772 4381 de
790 4325 843 4381 huc
861 4340 891 4380 re
909 4324 938 4378 in
956 4323 1074 4392 epistoln
1093 4324 1143 4379 lov
1161 4322 1235 4379 infru

72 4414 152 4479 letti
171 4413 313 4485 respondit
331 4412 486 4469 Wibsldus.

960 4508 1019 4567 18*
