3117 4859
360 280 424 347 288
690 298 840 347 wmnum
860 298 1046 348 umerounu
1065 298 1190 347 111111.

272 443 341 500 1149
358 438 521 507 iocundius
543 439 585 507 ad
605 445 638 507 te
660 442 778 527 scripta
792 446 874 509 sunt
905 440 976 507 Non
996 440 1093 508 timeo
1106 440 1357 528 reprehensores,
1379 440 1503 526 quisa-

358 556 436 623 ritas
458 556 594 641 benigna
615 562 673 642 est,
696 558 823 644 paciens
846 563 904 642 eet,
926 558 1033 625 omnia
1053 557 1163 643 credit,
1186 558 1293 625 omnia
1313 552 1464 624 1111111111

447 670 552 739 Habui
572 672 606 739 in
627 674 790 758 memoris,
813 672 889 739 dum
906 673 984 742 haec
999 674 1177 759 scriberem,
1200 674 1361 760 quiddam,
1382 672 1506 759 quodir

357 788 447 856 libris
470 808 588 874 eorum,
612 790 667 877 qui
687 789 772 856 facta
785 789 836 857 vel
858 790 942 858 dicta
957 790 1175 858 memorabilia
1188 792 1446 877 comoripserunt,
1464 788 1506 852 in-

357 907 508 973 1111111·
525 908 668 991 Augusto
692 906 799 973 Cosani
825 906 1007 993 procedenti
1035 928 1053 973 e
1079 906 1196 994 palatio
1218 905 1372 974 Graculus
1393 904 1507 992 quidam

357 1024 536 1111 importune
559 1021 678 1090 solebat
700 1033 888 1109 occurrere·,
910 1023 1075 1110 porrigens
1097 1024 1127 1091 ei
1140 1022 1269 1090 laudum
1283 1042 1413 1089 suarum
1425 1040 1508 1107 quao-

358 1140 431 1206 dam
458 1140 661 1228 epigramata
709 1138 852 1207 Offensus
878 1140 1050 1227 imperator
1076 1139 1212 1210 hominis
1233 1139 1392 1225 frequenti
1414 1135 1507 1203 edula·
1554 1201 1555 1230 ἶ

357 1256 442 1323 tione
465 1261 498 1322 et
518 1255 749 1343 intempestiva,
771 1261 810 1322 ut
830 1262 898 1323 erat
918 1256 1095 1323 litterarum
1109 1260 1230 1343 amator
1243 1260 1276 1323 et
1290 1253 1392 1323 Greoe
1408 1254 1506 1337 reims,

357 1372 525 1458 aliquando
547 1373 692 1460 prevenit
705 1370 851 1456 Grccum,
875 1377 906 1440 et
928 1373 1131 1459 epigramma
1154 1371 1238 1458 quod
1253 1372 1325 1459 ipse
1345 1372 1382 1437 iu
1396 1369 1508 1437 laudem

357 1488 425 1555 eius
440 1489 678 1575 conscripserat,
702 1487 742 1554 ad
756 1486 924 1572 legendum
937 1488 1001 1576 ipsi
1015 1487 1164 1575 porrexit
1200 1487 1266 1567 Quo
1282 1488 1424 1569 decurso,
1443 1484 1508 1553 (ire

357 1624 412 1671 cus
435 1603 604 1689 exclamat,
631 1604 793 1689 ingenium
814 1603 934 1671 domiui
960 1604 1105 1671 laudibus
1131 1602 1237 1689 effert,
1267 1602 1509 1689 demissaquein

356 1740 465 1809 peram
488 1740 593 1806 mauu,
617 1740 728 1806 assem,
752 1740 847 1807 quem
868 1720 970 1787 solum
988 1719 1133 1806 habebat,
1155 1720 1244 1787 tulit:
1271 1720 1354 1787 Taso
1375 1718 1509 1805 iuquim

356 1841 542 1925 imperator,
570 1860 634 1903 coa
659 1840 828 1904 secundam
854 1852 941 1904 11111
967 1852 1012 1904 oet
1036 1840 1206 1904 secundam
1226 1860 1327 1903 meorrs
1339 1836 1509 1922 smmum·
1554 1829 1555 1898 1

357 1952 426 2032 Qua
439 1952 634 2020 volubilitate
648 1953 766 2038 ingenii
782 1952 974 2021 exhilaratus
988 1953 1144 2040 princeps,
1160 1952 1290 2037 largiori
1303 1972 1379 2019 eum
1391 1970 1510 2019 munere

356 2064 495 2136 ditavit'.
557 2070 626 2154 Ego
642 2070 821 2158 exemplum
836 2091 980 2157 sequens,
993 2090 1052 2156 pro
1068 2069 1151 2136 binis
1164 2067 1381 2135 laudationum
1394 2072 1510 2133 tuarum

332 2181 508 2257 scedulis⁸
530 2185 656 2273 plenam
679 2185 844 2274 epistolam
871 2187 931 2254 tibi
952 2186 1095 2269 remitto,
1123 2186 1207 2253 inter
1235 2204 1327 2252 curae
1353 2189 1387 2251 et
1412 2182 1510 2251 multi·
1554 2179 1555 2246 l

356 2302 453 2389 plicas
475 2301 599 2370 labores
623 2303 756 2369 duarum
777 2304 918 2370 noctium
939 2300 1221 2388 lugubratiuuoulis
1243 2299 1383 2369 effusam.

361 2584 446 2658 168.
469 2588 627 2655 Wibaldoe
642 2588 681 2653 B.
690 2588 780 2677 facto
803 2589 907 2654 abbati
931 2583 963 2654 S.
982 2589 1142 2654 Michaelis
1156 2589 1340 2675 protelatur.
1363 2582 1418 2667 (11
1434 2584 1509 2663 151.)

269 2734 338 2790 1149
444 2729 625 2797 Reverendo
639 2730 723 2817 patri
733 2728 769 2795 B.
781 2728 953 2797 venerabili
968 2729 1074 2797 abbati
1089 2728 1259 2797 aecclesiae
1271 2730 1374 2795 sancti
1384 2728 1509 2797 Midae

355 2846 395 2914 lis
417 2847 515 2915 frater
529 2844 717 2929 Wtibaldus)
739 2844 801 2912 Dei
822 2846 925 2931 gratia
945 2845 989 2930 id,
1012 2846 1096 2931 quod
1118 2850 1167 2912 est
1188 2846 1222 2911 iu
1242 2845 1394 2915 aecclesia
1415 2847 1509 2915 calbo

354 2943 427 3049 lica,
450 2964 579 3047 exiguas
603 2962 759 3029 orationes
783 2967 815 3028 et
837 2962 984 3029 deuotum
1006 2961 1178 3027 servitium.
1554 3045 1555 3066 Χ

445 3077 648 3147 Gratulamur
675 3076 847 3165 plurimum
876 3083 908 3145 11
935 3076 1102 3144 aecclesiae
1129 3082 1254 3145 restrae
1287 3082 1320 3145 et
1352 3098 1508 3165 personna
1554 3075 1555 3126 ἶ

356 3194 538 3280 aecclesiae,
566 3195 618 3261 oui
639 3193 725 3260 Deua
747 3193 885 3260 salutare
906 3193 1094 3280 provisionis
1120 3194 1358 3261 amminiculum
1379 3201 1509 3283 prestere

355 3312 501 3397 dignatus
525 3316 582 3396 est,
605 3330 767 3397 personae,
792 3310 874 3395 quod
889 3329 959 3375 eam
977 3310 1191 3397 preordinatio
1207 3311 1353 3394 congruis
1367 3311 1509 3379 honomm
1554 3315 1555 3330 ³

355 3428 553 3516 provectibus
574 3425 769 3509 sublimavit3
794 3426 942 3512 quoniam
963 3430 996 3492 et
1016 3425 1164 3493 inhabilis
1186 3444 1323 3513 persona
1343 3425 1406 3495 loci
1425 3427 1508 3495 subli-
1554 3445 1555 3454 ¹

354 3545 465 3611 mitate
492 3543 715 3610 dehonestatur
742 3547 774 3610 11
802 3541 952 3609 aecclesia
980 3562 1134 3629 personae
1160 3541 1340 3610 humilitate
1361 3550 1506 3628 grauem
1554 3541 1555 3636 ᾗ

355 3659 411 3728 Set
432 3680 505 3726 cum
528 3659 605 3725 haec
627 3678 763 3745 persona
785 3658 924 3725 illustrat
946 3657 1129 3725 aecclesiam
1151 3663 1184 3724 11
1198 3658 1331 3726 ecclesia
1344 3666 1436 3727 ornat
1448 3679 1507 3747 per·
1554 3639 1555 3654 ¹

355 3796 480 3861 111111,
512 3773 612 3841 duleis
641 3774 784 3842 armonia
811 3780 860 3842 est
888 3780 920 3843 11
946 3773 1093 3841 salutaris
1121 3775 1231 3860 utiquc
1258 3776 1307 3842 rei
1333 3775 1508 3863 simphonia
1554 3807 1555 3852 3

355 3892 487 3961 Vestrae
508 3890 716 3958 familiaritati
744 3891 843 3957 artius
870 3890 1014 3959 inherere
1040 3890 1256 3957 desideramus
1279 3896 1311 3958 11
1331 3898 1432 3959 totum
1452 3896 1507 3957 stu
1554 3875 1555 3878 ¹

355 4008 442 4076 diosc
464 4005 624 4096 perficere,
647 4006 796 4093 quioquid
818 4013 940 4075 vestrae
962 4008 1095 4075 bonitati
1116 4006 1157 4075 de
1178 4008 1269 4074 nobis
1287 4008 1505 4096 complacuerit

427 4198 448 4233 d.
468 4198 574 4233 obturare

590 4202 609 4231 θ·
1554 4229 1555 4234 .

427 4275 451 4327 ι.
471 4270 757 4341 1111111111.
829 4274 856 4327 a.
880 4272 923 4328 uo
940 4270 992 4326 oc
1008 4270 1409 4329 cenomannensem
1424 4269 1504 4327 snm
1554 4241 1555 4244 ‘

355 4360 550 4429 nel.11.4‚31.
613 4362 639 4416 3.
658 4376 772 4430 quarum
791 4359 982 4416 schedularum
996 4360 1084 4416 altera
1093 4361 1251 4433 Manegoldl
1263 4362 1413 4432 epistolam,
1429 4360 1504 4416 alten

354 4464 452 4507 versus
468 4450 636 4507 continuisse
654 4449 771 4506 1111111.
796 4449 833 4507 V.
850 4466 934 4521 supra
950 4465 979 4520 p.
990 4450 1044 4507 275
1055 4455 1084 4507 et
1094 4452 1158 4507 276.
