3117 4859
307 256 352 324 82
670 269 820 321 wmmmr
839 269 1025 321 nrmronan
1045 269 1106 317 aa

309 415 345 488 8.
379 417 548 485 Lethaios
567 419 738 506 superator
751 418 954 507 Rappoldum
976 419 1116 484 atumem
1131 417 1325 482 0111111111
1345 415 1381 479 io
1396 413 1479 479 ἀίεπι

376 534 421 601 29
441 535 526 600 Iunii
547 531 719 621 Malpto'am
740 542 854 600 ουσαν.
924 575 928 584 ·
982 581 991 598 .

217 679 286 735 1131
392 665 588 750 Lothtarius)
610 665 672 733 Dei
694 667 798 751 gratia
817 665 1031 734 Romanorum
1052 666 1224 753 imperator
1245 668 1401 748 augustus
1426 661 1482 728 ab·

229 753 278 801 Μ’
305 779 389 851 bati¹
411 783 591 851 casinensis
613 785 798 851 monasterii
820 783 956 868 gratiam
978 803 1068 850 suam
1086 787 1117 849 et
1139 781 1255 850 bonam
1267 779 1480 847 voluntatem.

394 899 527 988 Semper
547 901 646 966 moris
667 900 770 967 nostri
792 901 862 986 fuit,
886 919 938 968 eos
961 905 1164 968 manutenere
1187 905 1219 965 et
1239 897 1402 986 amplecti,
1428 895 1484 981 qni

305 1016 345 1083 ad
368 1038 426 1084 uos
450 1022 592 1104 spectare
615 1016 739 1102 debent,
762 1035 822 1085 nee
844 1035 896 1084 eos
917 1037 1067 1104 umquam
1084 1017 1236 1101 deserere,
1260 1015 1314 1101 qui
1326 1011 1484 1080 fiduciam

303 1135 337 1200 in
359 1133 450 1201 nobis
473 1133 645 1222 posuerint.
680 1132 771 1200 Unde
789 1133 1008 1221 proculdubio
1025 1135 1115 1218 solas,
1139 1132 1223 1219 quod
1238 1130 1390 1198 ecelesiae
1406 1133 1485 1196 tuae

303 1250 364 1335 ius,
387 1270 547 1338 quousque
561 1251 745 1335 vixerimus,
767 1250 936 1336 tuebimur,
952 1271 1010 1318 neo
1025 1249 1145 1317 alienae
1159 1247 1310 1337 potestati
1323 1267 1484 1333 umquam

303 1369 533 1456 permittemus,
556 1368 640 1454 quod
661 1368 763 1435 nostri
783 1369 861 1435 iuris
877 1374 926 1435 est
941 1372 973 1435 et
988 1366 1070 1454 quod
1086 1366 1126 1432 ad
1140 1365 1336 1454 imperialem
1352 1368 1485 1452 spectat

303 1483 499 1569 dignitatem.
534 1483 615 1564 Quia
636 1505 712 1552 vero
734 1484 769 1550 in
791 1485 871 1552 festo
895 1484 1108 1573 apostolorum
1130 1482 1217 1550 Petri
1239 1487 1271 1549 et
1289 1477 1403 1548 Pauli¹
1428 1501 1485 1547 ou-

302 1601 384 1668 riam
410 1621 469 1690 pro
493 1601 659 1669 statuendo
683 1601 761 1668 duee
785 1601 869 1690 apud
890 1600 1063 1690 Melphiam
1085 1599 1486 1684 condiximusomnesque

302 1723 406 1785 terrae
427 1718 561 1785 barones
584 1739 621 1785 eo
644 1719 914 1804 oonrooavimual,
936 1719 1122 1786 mandamus
1144 1715 1214 1802 tibi,
1234 1719 1279 1800 nt,
1303 1713 1485 1802 assumptis

302 1839 408 1901 teoum
430 1834 683 1922 sapientioribus,
707 1834 817 1902 eodem
840 1835 984 1902 omnibus
1006 1831 1191 1922 postpositis
1211 1831 1330 1916 venias,
1355 1832 1487 1898 omnia-

303 1972 364 2037 que
390 1951 620 2039 imperatorum
646 1951 815 2039 privilegiu
840 1957 945 2018 teoum
973 1952 1111 2036 deferas,
1144 1950 1193 2016 ius
1224 1949 1374 2016 eoolesiae
1405 1953 1486 2016 tuae

302 2073 495 2136 ostensurus.
585 2067 714 2136 Fratres
741 2073 830 2153 tuos,
861 2069 943 2136 siout
964 2069 1093 2154 rogasti,
1116 2067 1247 2136 honeste
1269 2063 1486 2153 suseepimus,

302 2184 385 2251 siout
406 2183 512 2252 decuit
534 2189 641 2252 tantae
665 2184 813 2252 eeclesiae
835 2205 997 2273 personas,
1014 2184 1160 2265 ¹uolentes
1182 2179 1339 2251 benefieiis
1356 2182 1485 2249 nostris

302 2300 362 2369 hoo
385 2300 468 2388 apud
491 2321 544 2368 eos
567 2300 719 2388 optinere,
743 2307 779 2367 ut
800 2306 876 2389 aput
897 2300 1061 2370 eeclesiam
1076 2299 1278 2367 Casinensem
1291 2299 1486 2366 memoriale

303 2422 447 2485 nostrum
476 2437 600 2505 semper
626 2424 797 2484 remaneat
889 2419 923 2486 si
953 2418 994 2485 ad
1021 2418 1137 2484 festum
1163 2416 1341 2506 praelatum
1368 2417 1487 2484 venire

302 2535 415 2622 possis,
438 2532 510 2617 fiat3
541 2536 591 2600 sin
614 2538 736 2619 autem,
760 2538 878 2621 quanto
901 2534 995 2601 eitius
1016 2535 1119 2621 possis
1142 2532 1259 2600 venias.
1350 2531 1486 2602 Salutat

302 2655 334 2718 te
362 2650 476 2718 dilecta
502 2656 612 2718 nostra
637 2650 803 2738 llyohyza‚
839 2650 983 2717 omnibus
1016 2649 1116 2716 modis
1145 2649 1296 2717 honorem
1324 2647 1486 2718 ecelesiae

302 2772 375 2835 tuae
398 2767 591 2855 amplectens
614 2787 747 2854 eumque
769 2772 836 2835 toto
854 2769 925 2834 nisu
940 2786 1124 2854 promovere
1139 2766 1276 2856 oupiens.
1344 2765 1486 2836 Fratres

302 2885 364 2968 tui,
394 2885 476 2951 siout
502 2885 661 2972 sapientes
689 2884 767 2970 viri,
802 2905 873 2952 oum
901 2903 1017 2968 magna
1044 2883 1231 2952 discretione
1259 2881 1350 2952 nobis
1378 2883 1485 2952 locuti

302 3005 385 3068 sunt.
420 3000 508 3085 Vale,
532 3006 564 3069 et
586 3001 714 3069 eosdem
736 3007 841 3068 teoum
864 3000 969 3068 ducas.

306 3293 341 3363 9.
375 3296 546 3362 lothariam
566 3298 737 3383 imperator
753 3297 966 3362 Casioeoss'bus
982 3297 1020 3361 de
1038 3297 1210 3384 priuilepr'a's
1232 3319 1338 3362 sonam
1360 3301 1483 3391 confisa

373 3414 497 3478 mandis
518 3414 648 3478 amitat

216 3565 286 3620 1111
392 3543 561 3612 Lotlrarius
587 3543 649 3612 Dei
676 3543 779 3630 gratia
800 3544 1014 3612 Romauomm
1040 3545 1213 3632 imperator
1240 3551 1392 3630 augustus
1422 3547 1482 3614 de·

228 3639 277 3686 ¹³¹¹·
304 3657 400 3731 oano'
424 3663 630 3748 omnibusque
645 3660 825 3728 Cusinensis
848 3661 1032 3728 monasterii
1052 3661 1204 3730 fratribus
1225 3662 1361 3747 gratiam
1385 3683 1482 3731 snam

304 3785 337 3848 et
359 3780 474 3847 bonam
496 3779 700 3845 voluntatem.

392 3894 551 3981 Nolentem
574 3901 727 3982 quantum
741 3891 828 3961 Deus
842 3891 1033 3981 permiserit,
1051 3895 1084 3961 in
1100 3895 1204 3982 aliquo
1219 3895 1371 3963 terminos
1386 3903 1481 3965 ante·

375 4062 396 4095 a
414 4048 495 4095 Edidit
509 4049 611 4112 Angelus
627 4046 656 4093 do
670 4047 734 4094 Nuce
748 4046 790 4092 Ll.
803 4045 875 4106 pali.
926 4045 948 4092 b.
965 4045 1137 4094 conventinus
1152 4047 1190 4094 ad.
1240 4060 1260 4094 1.
1276 4048 1357 4095 Edidit
1372 4050 1479 4111 Angeia

304 4129 333 4177 dc
348 4131 411 4177 Nm
425 4130 467 4176 tl.

375 4217 401 4271 1.
420 4215 563 4288 Remulo
582 4213 788 4282 (Hetrnriensi).
815 4211 858 4269 Ol.
870 4213 945 4269 Petri
963 4213 1032 4270 diuo.
1048 4211 1252 4270 0111101111.
1271 4213 1303 4268 L.
1315 4213 1363 4271 tv.
1384 4229 1408 4270 1.
1424 4216 1479 4272 1oe

303 4302 358 4450 Lli
359 4320 400 4449 a}
411 4305 473 4448 {31¹9
538 4307 570 4362 -2,
589 4303 716 4360 111129.
789 4303 815 4358 3.
833 4299 936 4359 Ottoui.
961 4302 995 4360 V.
1009 4303 1084 4360 Petri
1101 4302 1171 4358 (liae.
1184 4301 1284 4360 cumn.
1297 4302 1361 4360 Ges.
1379 4303 1410 4360 L
1424 4303 1479 4360 IV.-
