3117 4859
300 250 365 318 396
521 276 526 287 ι
632 264 780 314 wmanm
801 262 988 313 nummus
1006 262 1061 312 ιιι.
1078 264 1132 313 ass.

211 414 281 473 1150
298 410 483 495 regulariter
514 410 549 477 in
583 408 790 498 prelationem
822 408 1005 475 monasterii
1037 406 1162 475 electus.
1216 407 1354 496 Sequere
1379 429 1465 477 nunc

298 530 395 595 irater
417 528 527 595 ducem
549 525 700 625 regulam,
722 526 813 592 iuxta
834 544 929 611 quam
950 530 983 591 te
1000 524 1157 592 uicturum
1179 526 1338 612 professus
1358 546 1410 609 es;
1432 533 1467 595 et

296 644 371 712 licet
394 644 432 711 ds
454 645 573 713 viribus
595 645 658 711 tuis
681 663 739 732 pro
761 641 939 709 humilitate
960 641 1124 729 desperes,
1150 648 1275 729 nmen,
1301 642 1468 728 depretia

296 761 357 829 Dei
380 760 524 845 confisus,
549 762 701 849 suscipias
724 758 861 827 iubentis
883 759 1052 845 imperium
1074 764 1106 825 et
1124 759 1289 827 humerum
1303 780 1469 849 supponas

297 878 337 945 od
366 878 537 947 ferendum.
584 877 713 945 Domini
742 880 817 970 sunt
837 875 981 943 cardines
1002 879 1106 943 terrae
1115 871 1133 961 ¹,
1160 876 1243 944 huuc
1264 876 1414 945 humiliat
1436 883 1472 945 ot

295 996 378 1063 huno
401 995 528 1080 exaltat,
552 995 621 1083 ipsa
643 1012 814 1082 pauperem
835 993 913 1059 facit
934 998 966 1059 et
987 992 1068 1059 ditat
1075 987 1096 1077 ²,
1119 998 1153 1059 et
1173 994 1267 1078 erigit
1280 994 1318 1060 ds
1331 994 1472 1082 pulvere

296 1132 444 1198 egenum,
472 1118 509 1180 ut
536 1111 644 1179 sedeat
671 1130 743 1177 oum
771 1109 968 1198 principibus
997 1114 1030 1177 et
1055 1108 1168 1176 solium
1189 1108 1306 1194 plurim
1325 1116 1445 1179 teneat
1453 1108 1471 1178 ¹.

296 1229 401 1297 Times
423 1230 581 1297 maliciam
603 1234 796 1317 temporum,
826 1226 974 1294 abhorres
996 1226 1140 1294 sevitiam
1161 1232 1383 1314 tyrannorum,
1413 1248 1475 1296 vo·

295 1348 375 1414 reris
398 1347 551 1414 duriciam
573 1346 784 1428 subditorum
808 1344 864 1412 ssd
883 1363 976 1431 spera
989 1344 1023 1409 in
1038 1342 1173 1411 Domino
1195 1348 1227 1411 et
1246 1344 1296 1411 iso
1315 1342 1474 1412 bonum⁸.

294 1464 338 1531 Et
360 1465 481 1531 udnam
504 1463 626 1551 aperiat
647 1462 707 1529 tibi
721 1460 808 1529 Deus
831 1458 1011 1548 spirituales
1033 1459 1149 1546 oculos,
1171 1466 1208 1527 ut
1220 1461 1324 1529 sidere
1344 1463 1475 1550 possis,

296 1580 379 1668 quod
400 1580 499 1647 multo
522 1578 628 1670 plures
651 1583 726 1646 suut
746 1578 909 1647 nobiscum
932 1597 1026 1664 quem
1049 1596 1119 1644 oum
1141 1576 1221 1663 illis,
1244 1583 1275 1645 et
1294 1580 1476 1648 recordare

295 1696 398 1782 illius,
428 1698 480 1783 qui
511 1697 549 1764 de
573 1695 667 1763 Saule
695 1695 770 1763 lecit
792 1694 934 1762 Paulum.
980 1692 1079 1762 Probe
1106 1693 1203 1779 igitur
1224 1700 1392 1761 cortuum
1417 1718 1476 1765 sa·

296 1814 433 1901 pientiae
459 1818 492 1881 et
516 1818 588 1881 tene
610 1818 773 1880 vocantem
795 1813 946 1898 gratiam,
975 1812 1181 1901 precibusque
1202 1812 1317 1879 nostis
1338 1816 1371 1879 st
1398 1834 1476 1882 am·

295 1930 461 1999 monitioni
496 1936 589 2017 atque
622 1930 753 1997 consilio
791 1928 958 1997 efficaciter
991 1930 1206 2016 acquiescens,
1244 1928 1293 1996 ale
1326 1936 1477 2000 mamm

296 2053 394 2133 tuam,
417 2068 495 2133 quoe
517 2054 549 2115 te
570 2046 714 2129 leotauit3
737 2046 922 2131 genitricem
942 2065 1027 2130 uage,
1051 2065 1131 2132 quoe
1146 2050 1179 2113 te
1193 2046 1344 2132 educavit,
1364 2051 1475 2136 sarsi,

295 2166 343 2233 ier
365 2184 481 2231 comm.
528 2162 622 2231 Petro
645 2164 722 2232 dicit
735 2162 903 2231 Christus:
931 2164 1032 2229 Amas
1053 2165 1125 2229 moi
1139 2186 1237 2252 pasce
1258 2186 1326 2231 oses
1347 2165 1474 2234 moac‘.

296 2282 332 2350 Si
360 2302 463 2367 amas,
492 2300 601 2370 pasce3
632 2282 659 2348 si
688 2300 751 2347 nou
779 2281 900 2367 pascis,
928 2300 993 2347 nou
1015 2273 1112 2347 amus.
1158 2280 1259 2348 Nemo
1279 2287 1312 2349 ts
1334 2280 1477 2352 seducat

294 2400 440 2467 inanibus
462 2399 575 2467 verbm.
624 2398 747 2465 Veritas
768 2418 833 2464 non
855 2397 1020 2481 mentitum
1043 2398 1188 2485 probatio
1210 2396 1384 2467 dilectionis
1412 2420 1474 2469 ex·

294 2516 405 2584 hibitio
428 2521 477 2584 est
499 2517 612 2604 operis.
658 2514 808 2581 Nostram
830 2514 976 2599 exiguam
999 2516 1182 2600 orationem,
1204 2520 1346 2583 nostrum
1367 2516 1475 2587 devo-

294 2638 363 2700 tum
386 2632 546 2717 auxilium,
569 2637 713 2699 nostrum
731 2628 824 2698 fidele
839 2632 1013 2717 servitium,
1036 2632 1077 2699 ad
1098 2631 1246 2700 solatium
1266 2633 1413 2702 somniis
1438 2641 1474 2707 ts

295 2750 454 2836 molesios,
477 2750 651 2817 sinceritati
672 2754 746 2817 tuae
768 2752 800 2815 et
823 2748 1037 2835 promittimus
1058 2754 1093 2817 et
1113 2748 1281 2817 oderimus.

296 2964 384 3035 268.
405 2965 567 3053 Eupeus'oss
579 2964 637 3033 ΠΙ
646 2989 738 3055 popa
760 2965 902 3032 Widuldo
923 2966 1062 3047 mandat,
1084 2975 1120 3031 ot
1134 2964 1348 3033 Godsdoldom
1368 2990 1475 3035 cono·

404 3084 507 3149 oseam
522 3082 715 3149 Miodemem
737 3082 922 3149 Ecerdurdo
947 3081 1104 3149 ecclesiam
1121 3081 1390 3170 Honestumne
1415 3110 1472 3153 re·

404 3201 527 3265 stitocre
550 3210 646 3286 ceput.
1299 3196 1353 3279 (di
1371 3200 1471 3284 251.)

198 3344 268 3403 1150
384 3332 545 3416 Eugenius
569 3332 734 3420 episcopus
757 3350 867 3399 servus
894 3350 1057 3399 servorum
1078 3330 1139 3398 Dei
1160 3330 1274 3399 dilecto
1294 3330 1360 3400 lilio
1381 3332 1470 3417 Πῦ-

188 3420 279 3469 ¹“”·²²
295 3447 400 3532 ecco)
425 3448 606 3516 oeresuns
629 3449 736 3517 ouem
765 3449 898 3516 sunem
924 3453 957 3517 o
979 3448 1182 3536 sponsos
1204 3449 1467 3549 mummoleno

383 3564 481 3632 Later
503 3566 695 3653 presentium
717 3566 945 3649 E(vorlssrdus)
972 3567 1037 3633 iam
1065 3565 1230 3651 quinquies
1258 3566 1299 3633 ad
1320 3572 1467 3636 nostrssn

295 3683 488 3771 presentiam
517 3684 612 3749 seuit
656 3681 718 3750 Pro
748 3702 810 3770 quo
838 3682 993 3770 siquidem
1026 3682 1198 3749 venerabili
1228 3682 1321 3750 fratri
1353 3690 1466 3753 nostro

295 3799 469 3883 Hieiurioo)
492 3796 647 3867 Miudeusi
664 3800 811 3888 episcopo
830 3822 889 3888 por
903 3800 1022 3888 scripte
1034 3804 1143 3867 nosue
1156 3800 1358 3888 precipiendo
1372 3822 1465 3869 man·

294 3916 449 4002 davimus,
466 3917 613 4003 quatinus
629 3916 870 4000 Godieboldum)
885 3916 1071 3985 canonicum
1083 3937 1176 3985 suum
1189 3918 1363 3985 districtius
1376 3938 1465 3987 com·

293 4039 452 4120 moueret,
475 4039 511 4101 ut
534 4033 716 4101 aecclesiam
738 4034 823 4102 boati
844 4032 932 4102 Petri
955 4034 994 4103 de
1015 4032 1226 4120 Hemeringeu
1248 4040 1281 4102 et
1303 4034 1382 4120 alia,
1403 4056 1464 4125 per

294 4174 329 4219 se
351 4153 402 4220 vel
424 4173 481 4239 por
504 4152 688 4219 summissas
711 4173 731 4219 a
753 4174 787 4220 sc
802 4173 951 4240 personas
967 4152 1108 4241 predicto
1122 4150 1332 4237 E(serhardo)
1347 4154 1463 4241 eblum

295 4270 379 4337 inira
394 4271 437 4337 20
454 4270 521 4337 dies
542 4277 616 4358 post
637 4271 867 4357 susceptionem
887 4275 1068 4337 nostrarum
1087 4270 1265 4345 litterarum
1285 4290 1360 4339 oum
1380 4272 1463 4339 iute-

365 4400 390 4453 ι.
409 4399 478 4470 seg.
490 4400 513 4456 1.
524 4402 550 4471 s,
562 4402 587 4457 s.
659 4402 686 4458 a.
704 4401 847 4473 nepus,
858 4400 885 4457 ι.
955 4402 983 4458 e.
1000 4401 1140 4472 osaea
1209 4400 1429 4473 meumst.
