3117 4859
392 271 540 322 sumnum
561 271 749 322 mrsromn
769 269 824 318 err.
838 269 892 320 ere
1159 253 1225 322 507

52 421 158 486 tunae
171 420 271 501 erem,
286 414 401 484 additis
416 415 546 502 insuper
559 413 699 502 propriis
710 411 945 482 ammonitionis
958 418 1087 482 nostroe
1098 411 1224 484 litteris.
1244 418 1314 477 11⁵2

51 532 146 614 Ques
167 537 280 619 quarte
301 531 381 600 ieris
401 530 557 620 paschaiis
576 525 786 600 ebdomadae*
806 524 958 617 reeipere
980 531 1082 619 siper
1094 531 1226 604 nuntios
1250 494 1305 558 Ψ
1371 617 1375 635 Ι

52 647 237 734 nogiomm
258 669 322 716 nou
344 653 401 734 est,
425 648 542 735 ubsque
563 647 758 716 dubitatione
779 645 893 733 potnit

149 762 220 832 Non
240 765 338 850 igitur
360 765 500 853 oportuit
513 764 713 852 prudentium
727 769 817 832 tuem
831 783 924 830 eures
937 763 1091 852 prineipis
1104 763 1228 852 inquio·

52 886 140 967 turo,
163 886 314 968 tenqnnm
335 901 414 970 opus
429 883 529 970 ipsius
545 885 577 948 et
590 881 776 948 mundatum
793 879 907 948 fuisset
921 879 942 946 i
954 881 1046 948 nobis
1061 881 1227 964 omissum

54 1017 133 1066 enm
157 997 359 1066 iiuventuts
380 1003 490 1066 nostre
515 998 575 1066 sub
602 997 703 1066 tribus
730 996 849 1064 inolitis
877 992 1037 1082 eugost‘s'
1060 997 1229 1085 prinoipeli

53 1115 193 1184 iussioni
214 1114 381 1200 vigilanter
403 1119 623 1203 optemperare
644 1114 856 1184 didieerimus.
944 1112 1001 1182 Set
1022 1113 1063 1182 eb
1084 1114 1229 1198 ingressu

54 1229 259 1317 quorundum
279 1232 314 1298 in
335 1231 457 1316 regium
479 1231 615 1316 ennium,
644 1229 698 1317 qui
719 1249 778 1298 noe
800 1230 934 1300 mentis
952 1249 1013 1298 nee
1033 1230 1230 1318 experiente

54 1367 168 1416 rerum
189 1348 387 1416 musteum
409 1353 442 1416 et
461 1348 589 1436 imperii
611 1347 797 1432 dignitatem
817 1352 1040 1436 poroeperent,
1066 1353 1177 1416 nostre
1197 1352 1230 1416 et

55 1464 258 1551 quorundam
286 1463 420 1532 eliorum
448 1465 629 1553 principum
658 1483 754 1552 opero
775 1462 827 1532 rel
852 1484 983 1552 prorsus
1005 1465 1141 1532 eessevit
1160 1463 1229 1532 vel·

56 1577 221 1668 superflue
241 1581 310 1650 vise
336 1585 393 1648 ost.
438 1581 548 1668 Neque
575 1581 635 1648 hoe
662 1580 813 1666 dicimus,
841 1581 940 1667 quod,
967 1582 1082 1668 quietis
1102 1585 1230 1650 menes

54 1696 273 1784 impatientes,
297 1699 423 1783 erogari
445 1703 479 1766 et
492 1697 596 1766 nitens
610 1717 720 1766 eurere
735 1698 991 1783 eoneupiseemus
1006 1702 1049 1783 ot,
1070 1697 1231 1767 indicendi

57 1813 98 1882 eb
122 1813 281 1900 omnibus,
303 1814 386 1882 ferre
408 1813 448 1881 de
470 1815 590 1882 eunetis
613 1814 801 1884 sententium
823 1811 1047 1882 desideremus.

151 1928 298 1998 Ceterum
319 1951 414 2018 super
439 1931 499 1999 hoo
524 1931 698 2019 plurimum
723 1930 912 2017 gandemus,
940 1931 1026 2017 quod
1051 1931 1091 2000 de
1117 1930 1232 2019 eopie

56 2046 270 2115 vorborum
290 2047 325 2114 in
346 2048 506 2135 responsis
526 2047 622 2132 regiis
636 2047 843 2136 proeureniis
857 2047 1009 2132 gloriatus
1024 2067 1074 2131 ως
1097 2067 1231 2136 quorum

57 2162 278 2232 habmdautia
300 2183 364 2232 non
387 2164 407 2232 i
427 2165 519 2233 nobis
541 2164 653 2250 solum,
676 2170 726 2234 set
742 2163 884 2234 imultis
898 2165 988 2249 regni
1009 2162 1154 2234 fidelibus
1175 2166 1232 2234 diu

58 2281 201 2368 setisque
223 2278 402 2348 desiderate
422 2285 480 2348 est

152 2395 278 2466 Gratiae
301 2401 406 2464 eutem
426 2397 592 2466 referimus
620 2396 829 2484 omnipotenti
848 2395 918 2464 Deo
940 2395 981 2464 de
1001 2397 1154 2484 sospitate
1174 2398 1231 2466 ‹io-

59 2515 142 2582 mini
162 2514 265 2582 nostri
285 2513 380 2599 regis.
427 2511 483 2580 Set
503 2533 572 2597 nos,
596 2533 616 2580 e
636 2517 693 2580 tuo
713 2512 871 2580 industrio
890 2513 931 2580 de
952 2517 1038 2580 stetu
1058 2514 1159 2600 ipsius
1180 2535 1232 2583 re·

59 2632 240 2718 quirentes‚
272 2649 337 2698 non
364 2630 405 2699 ei
432 2629 680 2696 ineolumitetem
709 2628 865 2715 eorporis,
899 2647 980 2714 queo
1006 2633 1113 2697 temen
1140 2630 1232 2698 nobis

60 2767 157 2816 rurae
179 2751 238 2832 est,
261 2751 310 2814 set
331 2746 372 2813 ed
392 2744 568 2834 primordie
581 2745 657 2812 novi
670 2745 847 2828 remotoris
868 2746 1009 2812 animum
1021 2746 1231 2816 intendimusr

60 2870 171 2934 utrum
193 2863 339 2948 diligeret
362 2861 520 2930 iustieinm
543 2861 597 2947 qui
623 2861 742 2928 iudicet
762 2866 897 2948 terrem
924 2866 1033 2930 utrum
1059 2863 1096 2930 in
1121 2863 1233 2932 eoriem

60 2981 228 3070 proposito
250 2979 376 3048 ferrens
398 2982 482 3046 esset
503 2997 544 3045 en
565 2975 679 3064 lentus,
703 2975 816 3046 effiesx
838 2999 880 3046 en
900 2999 1027 3046 vaenue.

153 3096 343 3166 Remisimus
366 3099 471 3164 eutem
499 3099 566 3162 tem
594 3095 635 3164 ed
661 3096 767 3184 ipsum
788 3095 952 3163 dominum
973 3100 1117 3164 nostrum
1138 3114 1233 3183 quem

65 3215 105 3283 od
134 3219 224 3281 tunm
252 3213 480 3301 experientium
507 3217 687 3300 presentem
713 3232 847 3300 puerum
880 3216 1041 3299 nostrum,
1073 3218 1111 3282 ut
1141 3213 1233 3284 nobis

63 3331 184 3418 ebsque
205 3329 416 3398 retardatione
438 3328 619 3412 remandes,
647 3334 754 3396 utrum
776 3329 922 3397 dominus
948 3336 1057 3399 noster
1076 3351 1136 3418 per
1157 3330 1234 3399 Gor·

62 3448 169 3517 wem
191 3446 360 3514 omnum
382 3447 425 3513 sit
445 3445 618 3513 hebiturus.

66 3678 156 3752 378.
174 3677 334 3746 Wrbaldos
362 3703 382 3745 a
409 3677 546 3745 Iordnoo
581 3679 681 3765 lepore
710 3678 878 3765 apostolico
903 3681 996 3766 petit,
1030 3690 1067 3744 nt
1093 3679 1234 3746 Tretous
1348 3697 1354 3715 ¹

171 3797 346 3885 praepositi
367 3794 536 3862 Xanomo
557 3815 684 3862 emnam
704 3795 847 3862 Amnido
869 3793 909 3862 ΙΙ
924 3794 1156 3884 archiepiscopo
1175 3795 1233 3860 Go-

179 3915 308 3980 loor'eorr‘
330 3913 563 3982 dormiendum
578 3911 747 3999 perrorat.
1072 3907 1234 3993 meno.)

155 4045 337 4116 Reverendo
359 4046 444 4134 petri
465 4065 523 4112 suo
545 4048 578 4111 et
599 4042 725 4110 domino
746 4042 905 4126 Ior(dnno)
929 4048 1056 4110 senone
1074 4041 1234 4112 &mense
1252 4060 1323 4118 1152

68 4163 238 4235 eoeelesioe
252 4163 423 4232 venembiii
437 4161 612 4251 presbitero
624 4159 776 4228 eordineii
782 4154 805 4246 ⁸,
821 4158 1106 4248 apostolicaesedis
1120 4159 1233 4247 legato,

138 4317 283 4466 22:152
336 4387 897 4462 eumsov,1oouro‚oomnrn
949 4387 1233 4450 atessam
