3117 4859
309 222 351 289 14
713 180 1066 290 rnarsunrro'sym

305 382 528 453 retraetatione
547 380 683 467 aliquem
698 400 817 467 eorum,
839 381 895 467 qui
907 380 967 451 sub
982 380 1101 449 ditione
1114 399 1174 448 sua
1189 384 1290 464 aaut,
1312 378 1360 447 ais
1372 377 1474 449 uara

235 502 286 589 833
307 497 482 584 Statimque
503 503 577 586 post
598 498 717 585 aliquot
739 496 807 564 dies
828 497 940 565 honori
961 498 1095 585 pristino
1117 496 1282 565 restitutus
1304 491 1380 563 est¹.

236 575 289 624 Μ’
394 614 470 682 Post
496 615 555 683 hoo
582 615 754 703 imperator
782 614 878 681 etiam
904 613 1117 682 venerabilem
1141 613 1288 682 abbatem
1309 611 1476 681 Warinum

306 730 470 819 ampliavit
490 731 608 799 honore
630 732 721 817 eique
742 731 969 799 monasterium
989 727 1156 801 Rasbaois'
1177 733 1385 815 eognomento
1399 727 1476 795 llis·

304 847 442 916 rusalem
463 848 504 915 ad
525 848 763 933 gubernandum
783 847 923 915 tradidit
959 847 1047 915 Tune
1060 848 1194 915 aooesslt
1208 847 1249 914 ad
1263 843 1478 914 venerabilem

304 964 409 1033 virum
422 963 637 1031 Hilduwinum
660 968 692 1031 et
712 964 837 1049 rogarit
859 984 941 1050 eum,
964 968 1001 1031 ut
1021 983 1142 1031 memor
1156 968 1241 1031 esset
1255 960 1477 1053 promissionis

305 1100 380 1149 suae
402 1085 435 1149 et
456 1080 546 1149 daret
568 1080 597 1149 ei
612 1100 726 1168 eorpus
743 1080 918 1149 beatissimi
931 1082 1023 1168 pueri
1036 1086 1070 1147 et
1082 1081 1234 1168 martyris
1247 1079 1324 1147 Viti.
1391 1078 1478 1158 Qus-

304 1196 376 1265 liter
405 1202 511 1265 autem
538 1196 590 1265 rel
617 1218 678 1284 quo
705 1204 847 1285 tempore
872 1197 933 1263 hoo
958 1216 1073 1285 eorpus
1100 1197 1201 1265 saneti
1223 1195 1291 1263 Viti
1316 1196 1353 1265 in
1374 1194 1477 1263 Sauo-

304 1314 390 1381 niam
412 1313 601 1383 translatum
623 1316 666 1383 sit
688 1319 720 1383 et
739 1315 775 1382 in
796 1313 987 1381 monasterio
1009 1314 1095 1401 quod
1108 1312 1242 1383 Gorbeia
1254 1332 1339 1381 nova
1358 1312 1479 1381 dieitur

304 1428 499 1515 oolloeatum,
521 1432 668 1498 intimare
691 1432 879 1499 curavimus.

234 1556 286 1611 836
392 1546 484 1615 Anno
506 1548 731 1615 incarnationis
748 1547 868 1615 domini
882 1547 983 1615 nostri
996 1546 1069 1614 lesu
1082 1545 1201 1614 Christi
1215 1544 1477 1630 octingentesimo

304 1662 463 1731 trioesimo
485 1670 591 1749 sexto,
618 1664 790 1733 indietione
817 1664 1088 1751 quartadecima,
1115 1682 1201 1731 anno
1222 1668 1329 1731 autem
1349 1662 1480 1749 imperii

305 1780 509 1847 saeratissimi
530 1782 729 1869 imperatoris
744 1780 897 1849 Ludorioi
918 1780 1068 1847 vieesimo
1089 1779 1194 1864 tertio,
1212 1776 1371 1863 warinus,
1394 1778 1482 1846 abba

304 1897 488 1973 monasterii
501 1896 706 1965 Rasbaoensis
721 1903 927 1983 cognomento
941 1895 1138 1963 Hierusalem
1161 1895 1217 1963 sed
1230 1900 1264 1963 et
1277 1894 1479 1964 Corbeionsis

305 2013 388 2098 novi,
412 2033 432 2079 e
453 2015 541 2081 ouius
563 2014 746 2083 bmdatione
769 2034 869 2081 annus
884 2013 1066 2082 vertebatur
1081 2012 1221 2079 desimus
1236 2016 1379 2098 quartus,
1402 2030 1479 2079 oon-

305 2127 411 2195 sulens
427 2128 562 2197 salutem
575 2131 707 2218 patriae,
732 2130 866 2198 salutem
883 2131 980 2197 etiam
994 2130 1097 2214 gentis
1112 2150 1189 2197 suae
1204 2134 1238 2197 et
1252 2128 1481 2197 exaltationem

304 2242 366 2311 looi
386 2245 514 2332 ipsius,
537 2246 576 2313 ob
604 2266 731 2313 oausam
758 2246 833 2314 fidei
855 2252 888 2313 et
909 2246 1070 2330 religionis
1093 2245 1247 2333 expetivit
1269 2265 1290 2313 a
1311 2246 1380 2312 uiro
1402 2244 1481 2312 reli·

305 2360 392 2444 gioso
415 2365 447 2428 et
468 2362 640 2431 venerabili
663 2363 775 2430 abbate
793 2361 973 2429 Hilduwino
996 2362 1180 2429 monasterii
1201 2363 1304 2429 saneti
1318 2361 1479 2448 Dionysii,

304 2481 340 2543 ut
362 2477 401 2544 de
424 2479 540 2545 sanetis
562 2479 753 2566 martyribus
776 2477 1019 2563 venerabilibus,
1041 2499 1175 2564 quorum
1196 2498 1329 2565 eorpora
1349 2479 1384 2545 in
1405 2478 1478 2545 loeo

303 2594 446 2681 praelato
467 2594 597 2663 humata
618 2596 830 2682 quiescebant,
853 2594 990 2681 aliquem
1012 2594 1042 2661 ei
1064 2595 1105 2662 ad
1119 2594 1366 2663 confirmandam
1379 2592 1479 2661 fidem

304 2712 407 2795 gentis
429 2732 504 2779 euae
518 2712 671 2781 tribueret
686 2718 780 2800 atque
794 2713 954 2781 licentiam
967 2710 1132 2799 portandil
1147 2711 1340 2779 oonuederet.
1374 2711 1480 2790 Quam

304 2827 489 2914 petitionem
510 2828 709 2896 Hilduwinus
733 2828 830 2913 abba,
859 2848 932 2895 eum
953 2828 1113 2896 voluntate
1136 2832 1168 2894 et
1189 2828 1317 2895 lieentia
1338 2828 1481 2915 piissimi

304 2943 504 3031 imperatoris
518 2944 691 3030 Luduwiol
714 2964 869 3013 eonsensu
891 2946 987 3013 etism
1009 2939 1167 3032 episeopi⁸
1186 2943 1365 3013 Parisiaeae
1386 2944 1479 3013 urbis

305 3064 540 3147 oeterorumque
563 3061 717 3129 nobilium
739 3062 880 3127 virorum
900 3061 935 3127 in
957 3082 1055 3149 supra
1076 3061 1161 3129 diota
1180 3061 1316 3129 dioesesi
1337 3051 1480 3129 eommo-

304 3176 452 3261 rentium,
475 3176 609 3245 libenter
631 3196 782 3263 annuens,
805 3176 893 3244 dedit
915 3178 954 3263 ei,
977 3184 1129 3266 utsupra
1144 3178 1265 3245 dietum
1278 3182 1337 3264 est,
1360 3198 1480 3265 eorpus

305 3293 407 3359 saneti
420 3292 487 3361 Viti
506 3293 597 3381 pueri
617 3298 650 3361 et
663 3294 814 3381 martyris
827 3292 958 3378 Lueanl,
980 3295 1035 3381 qui
1049 3294 1108 3361 sub
1123 3294 1313 3363 Diooletiani
1326 3299 1360 3362 et
1373 3293 1479 3361 llari·

304 3408 417 3477 miaui⁶
429 3410 623 3497 temporibus
637 3431 750 3498 passus
765 3430 835 3479 esse
849 3416 882 3479 et
893 3411 1060 3497 aquodam
1071 3411 1140 3477 viro
1150 3410 1308 3495 religioso,
1323 3416 1479 3495 regnante

305 3523 450 3613 Pippino,
472 3525 643 3595 ementur
668 3527 706 3595 ab
729 3526 822 3595 Italia
840 3528 874 3595 iu
888 3526 1056 3595 Franciam
1071 3527 1151 3593 etin
1166 3527 1302 3595 dioeeesi
1314 3525 1481 3597 Parisiaea

304 3640 424 3709 loeutus
447 3640 620 3711 narratur⁴.
656 3642 752 3711 (brius
766 3644 880 3711 merito
895 3644 930 3710 in
944 3643 1023 3728 loeo,
1045 3643 1100 3710 ubi
1121 3644 1260 3732 positum
1282 3644 1386 3711 iuerat
1407 3663 1479 3711 eor·

304 3778 365 3846 pus
386 3758 501 3847 ipsius,
525 3766 680 3847 utsupra
702 3760 820 3827 dietum
843 3765 907 3847 est,
929 3760 1045 3827 multas
1068 3760 1222 3829 Dominus
1244 3761 1377 3827 uirtutes
1401 3781 1479 3849 ope-

304 3880 393 3943 ratus
409 3882 471 3961 est3
487 3877 586 3945 fertm
601 3877 685 3945 enim
700 3877 739 3945 eb
754 3876 865 3945 ineolis
879 3876 942 3944 looi
956 3876 1052 3963 illius,
1067 3878 1123 3945 ubi
1138 3879 1338 3947 beatissimus
1352 3883 1479 3965 martyr

274 4018 279 4027 '
375 4023 396 4057 a
411 4011 543 4059 mmutorii
557 4012 619 4071 qnod
628 4026 693 4061 -nora
708 4011 804 4060 (lorbsia
818 4011 903 4059 dieitur
917 4012 975 4059 add.
985 4013 1008 4060 2.
1069 4012 1093 4060 b.
1113 4012 1223 4061 adorandi
1237 4015 1261 4061 2.
1323 4026 1345 4061 e.
1359 4012 1480 4061 volam

306 4090 330 4139 at
343 4088 481 4139 Diocletiani
495 4092 517 4137 2.
529 4092 551 4137 d.

377 4177 402 4232 1.
420 4193 458 4233 m.
470 4176 541 4233 llaio
559 4193 584 4233 a.
596 4178 659 4234 831.
676 4178 712 4235 V.
723 4177 791 4234 Vita
800 4176 936 4235 Ludoviei
953 4178 1019 4249 imp.
1034 4195 1059 4235 e.
1071 4178 1116 4249 46,
1133 4178 1236 4235 annal.
1247 4178 1400 4237 Bertiuiau.
1411 4178 1479 4236 831.

305 4264 332 4321 9.
354 4264 456 4323 Rabais
479 4266 508 4322 in
530 4266 650 4325 dioeessi
673 4266 821 4339 Meldansi3
850 4284 869 4323 a
888 4268 987 4325 llaldis
1015 4268 1088 4325 iuter
1110 4268 1243 4325 orientem
1269 4273 1298 4326 et
1321 4268 1479 4327 meridiam.
1553 4269 1554 4276 ’

305 4354 333 4411 3.
355 4354 523 4415 Erohanradi
540 4356 575 4413 ll.
647 4357 673 4413 4„
694 4355 737 4415 Gi.
755 4372 838 4437 supra
855 4372 883 4427 p.
895 4359 922 4413 d.
1553 4361 1554 4364 ’
