3117 4859
219 419 291 476 1150

192 494 233 541 Iul.
243 508 278 541 ex.
290 518 314 526 -

207 558 304 617 buain.

333 254 400 322 406
668 270 818 318 wmsrnr
839 268 1029 319 semrom
1048 266 1103 316 ars
1119 266 1174 316 are.

335 434 428 501 quem
450 412 537 481 Deus
565 414 601 481 in
624 413 733 481 eadem
756 411 909 481 aeeclesia
928 418 1004 500 post
1024 431 1083 480 nos
1105 412 1316 499 ordinaverit,
1342 414 1378 479 in
1399 400 1496 481 auen

334 552 411 619 paee
434 538 467 599 et
488 530 669 616 eoncordia,
698 550 759 617 que
780 531 959 617 prescripta
980 534 1045 615 est,
1067 530 1231 597 vobiscum
1252 535 1285 597 et
1306 550 1379 597 eum
1400 536 1498 597 sanas

333 648 491 716 Mindensi
516 647 667 715 aeeelesia
688 646 750 714 fide
772 646 925 714 inviolata
947 648 1108 713 consistat
1153 646 1290 731 Eadem,
1315 668 1377 733 que
1396 667 1499 735 propo

334 766 413 833 situs
428 763 619 833 Wsrnherus
635 764 787 832 Corbeiae
809 763 900 831 nobis
922 783 1029 830 eorem
1049 764 1201 831 frutribus
1222 765 1342 831 nostris
1360 764 1435 831 data
1445 762 1501 833 ide

334 882 367 947 in
395 901 525 948 manum
552 887 694 949 nostram
723 880 894 968 spopondit
921 884 953 947 et
979 878 1133 965 firmarit,
1166 880 1319 965 magister
1346 880 1502 948 comba

335 998 419 1085 apud
434 997 707 1067 Patherbrunnam
729 998 844 1065 domno
867 998 1014 1085 episeopo
1029 996 1211 1064 Bernbsrdo
1233 1016 1342 1064 eoram
1360 997 1503 1065 aeeclesia
1554 1083 1555 1090 ἵ

335 1136 407 1201 sua,
436 1114 511 1182 data
532 1114 594 1184 fide
616 1116 650 1182 in
671 1134 802 1182 manum
824 1114 908 1199 eius,
934 1133 993 1201 pro
1015 1114 1105 1181 vobis
1125 1115 1161 1181 in
1182 1115 1322 1181 animam
1345 1134 1438 1181 susm
1456 1113 1503 1179 ir·
1554 1095 1555 1098 ¹

334 1232 449 1314 mavit3
479 1239 511 1299 et
537 1238 670 1319 uterque
698 1250 808 1299 eorum
834 1251 894 1318 per
920 1230 1061 1297 osculum
1081 1232 1170 1319 pasis
1192 1252 1282 1317 suae,
1312 1232 1401 1317 quod
1421 1232 1503 1298 nobis

335 1348 498 1433 dedenmt,
521 1329 700 1436 prepositus
723 1347 851 1434 quidem
872 1346 1063 1415 Wernherus
1085 1346 1246 1433 Oorbeiae,
1267 1348 1503 1432 magisterium

335 1464 523 1549 Otonradus)
557 1466 641 1552 apud
669 1464 959 1551 Patherbrunnam‚
992 1464 1278 1533 reooneiliaiionem
1305 1471 1449 1533 vestram
1477 1470 1504 1533 et

336 1581 512 1649 amiciciam
533 1581 624 1650 nobis
647 1582 814 1651 reddentes
836 1580 1109 1650 eonfirmaverunt

338 1794 426 1867 279.
444 1796 603 1865 Wibaldes
628 1799 771 1865 Conrado
792 1797 931 1885 Hireys'
951 1799 1103 1879 rescribit,
1126 1821 1159 1863 ss
1180 1800 1397 1886 serapoeum
1418 1801 1504 1865 ,ω’-

441 1937 522 2001 pere
544 1915 726 2002 lsyatr'ooem
748 1917 926 1981 Raraunum
946 1937 1011 1979 aba
1028 1937 1129 2003 posse.
1166 1914 1255 1998 Pae,
1277 1926 1314 1980 ut
1327 1914 1505 1981 Hebaiesn
1554 1917 1555 1922 ’

450 2034 626 2119 episcopum
647 2032 843 2099 Miadertsem
863 2033 899 2097 r'o
917 2033 1024 2119 uratia
1044 2030 1164 2097 babeat
1347 2029 1407 2113 (M.
1423 2030 1503 2112 260.)

250 2173 321 2229 1150
426 2164 538 2231 Inelito
560 2164 785 2252 triumphatori
807 2164 933 2231 domino
956 2185 1013 2231 suo
1031 2163 1201 2247 qomodo)
1223 2163 1285 2233 Dei
1312 2166 1422 2249 matis
1446 2164 1504 2249 glo

254 2248 313 2307 Aug.

338 2283 423 2350 rioso
450 2282 664 2350 Romanorum
691 2282 877 2369 imperatori
904 2286 1038 2376 augusto
1064 2281 1163 2348 frater
1184 2280 1376 2364 Wfibaldus)
1403 2282 1504 2349 miens
1554 2313 1555 2344 r

337 2400 442 2485 gratia
463 2399 497 2465 id
520 2398 604 2486 quod
626 2404 675 2466 est
696 2399 731 2466 in
754 2398 906 2466 aeeclesia
928 2398 1092 2484 catholiea,
1115 2398 1250 2466 salutm
1265 2400 1301 2465 in
1314 2420 1364 2484 eo,
1389 2400 1445 2485 qui
1457 2399 1505 2466 dat

337 2516 472 2585 salutar
492 2516 619 2601 regibus
628 2511 646 2582 ¹.

425 2633 522 2700 Venit
550 2633 591 2699 ad
617 2652 675 2700 nos
701 2630 869 2700 Gorbeiam
895 2630 1077 2719 capellanus
1098 2636 1204 2699 vester
1224 2630 1415 2719 Heripertns
1442 2650 1504 2699 eura

336 2755 460 2818 restrae
490 2750 680 2835 dignationis
703 2749 820 2816 litteris
827 2744 849 2833 ²,
879 2768 960 2835 quae
980 2748 1040 2815 hoe
1061 2748 1278 2834 eontinebant,
1306 2749 1457 2835 quatinus
1475 2751 1505 2815 in

337 2867 504 2935 nativitate
542 2872 680 2935 emotae
703 2860 842 2933 Mariae¹
869 2864 1051 2933 Nurebereh
1090 2865 1132 2937 ud
1159 2870 1283 2933 vestrm
1315 2865 1504 2935 eelsitudinis

337 2984 530 3071 presentiam
552 2984 730 3051 veniremus
751 2983 800 3050 ita
822 2982 963 3070 expediti
985 2986 1016 3049 et
1037 2982 1151 3069 parati,
1173 2987 1211 3050 ut
1230 3003 1303 3050 eum
1323 2983 1505 3051 esneellario

337 3096 461 3168 restro‘
487 3100 678 3186 legationem
704 3105 843 3168 veebum
874 3098 915 3165 ad
944 3099 1094 3167 domnum
1121 3120 1239 3187 papum
1265 3106 1298 3167 et
1324 3100 1366 3167 sd
1394 3100 1504 3168 Urbem

339 3218 557 3305 perierremus.
647 3217 692 3284 Et
717 3216 793 3284 lieet
821 3236 880 3284 nos
908 3215 1024 3283 multas
1052 3216 1184 3284 iniurias
1210 3222 1244 3284 et
1264 3217 1375 3301 grauia
1396 3218 1503 3285 durum

339 3354 402 3401 non
430 3332 532 3399 solum
560 3338 626 3401 toto
654 3334 807 3421 preterito
836 3352 919 3400 anno
941 3340 990 3401 set
1012 3334 1108 3401 etiam
1131 3333 1172 3401 ad
1193 3354 1323 3422 presens
1344 3334 1379 3401 in
1400 3340 1502 3401 oontn

339 3449 467 3517 melium
488 3452 579 3535 regni
602 3455 633 3518 et
653 3454 796 3517 nostram
812 3450 1048 3534 sustineremus,
1070 3456 1177 3518 tamen
1190 3451 1380 3519 iussionibus
1395 3450 1502 3518 vestris

339 3572 406 3635 tam
428 3588 468 3634 ex
483 3566 587 3634 debito
603 3588 699 3654 quam
719 3588 759 3635 ex
774 3567 938 3634 devotione
960 3568 1176 3654 obtemperare
1190 3568 1376 3635 studuimus.
1410 3568 1455 3635 Et
1473 3568 1503 3633 iu

241 3701 322 3761 suae
339 3684 449 3769 vigilia
470 3684 555 3751 beati
576 3683 740 3751 Laurentii
763 3684 802 3751 de
819 3682 1001 3751 corbeiensi
1021 3685 1213 3752 monasterio
1236 3686 1363 3770 egressi,
1385 3682 1502 3767 magnis

339 3801 505 3869 itineribus
522 3822 632 3868 versus
648 3801 869 3869 stabulensem
884 3800 1068 3868 aeoolesiam
1082 3802 1283 3891 tetendimus,
1307 3821 1386 3886 quae
1399 3798 1501 3867 multis

339 3920 460 4006 rapinis
483 3918 636 3986 incendiis
660 3924 691 3985 et
713 3918 784 3985 aliis
804 3918 1023 3986 vexationibus
1046 3923 1254 4005 oonquassata
1271 3923 1304 3987 et
1317 3919 1426 3984 attritu
1439 3919 1501 3983 erat

338 4041 469 4122 propter
491 4035 729 4121 dissensionem,
753 4056 835 4121 quae
855 4036 917 4101 fuit
938 4035 1022 4103 inter
1035 4034 1240 4104 Leodiensem
1262 4028 1500 4122 episeopum‘et

340 4152 523 4219 advocatum
549 4151 698 4219 ecelesiae
712 4148 857 4218 nostrae⁸
872 4158 905 4218 et
921 4148 1086 4219 eomitem²
1103 4152 1141 4219 de
1155 4151 1262 4219 Monte
1276 4151 1384 4218 Aeuto.
1443 4146 1498 4214 Ve-

411 4310 568 4380 1.Ps.143,
583 4312 624 4367 10.
679 4311 704 4365 2.
717 4309 752 4367 V.
765 4310 871 4379 eniib
883 4325 968 4379 supra
979 4310 1077 4380 paea
1131 4308 1283 4379 &septb
1333 4304 1493 4365 Minoide

340 4397 367 4453 5.
384 4397 544 4453 Heinrioum
561 4400 597 4455 11.
668 4401 694 4456 6.
712 4399 864 4456 Henrieum
881 4399 916 4456 de
934 4400 1022 4469 Rupe
1094 4400 1121 4456 i.
1138 4397 1329 4457 Godeiridum.
