3117 4859
332 268 399 337 214
555 262 560 271 “
665 283 815 335 wmsum
835 282 1024 333 uersuum
1042 282 1096 331 ras
1114 282 1167 330 sas.

243 432 315 491 1148
331 430 424 515 ginae
451 434 589 498 restam
617 427 825 494 eruditionem
851 426 1020 493 manifeste
1047 426 1229 493 docuerunt
1263 422 1323 493 His
1346 425 1489 493 nimirum
1538 500 1542 505 ,

332 552 364 613 ct
391 544 462 613 aliis
489 564 595 612 rerum
618 542 855 611 difficultatibus
877 542 1053 629 perterriti,
1083 543 1159 628 quid
1181 546 1306 609 vestm
1326 542 1491 628 sapientise

329 662 520 749 respondere
543 660 711 729 debeamus
734 661 845 727 autin
868 680 929 745 quo
952 657 1122 725 aecclesiae
1142 660 1233 726 nobis
1256 660 1441 725 commissae
1460 678 1494 725 sc

330 782 457 845 nostrae
480 778 578 863 quieti
600 775 816 859 consulamus,
844 795 885 841 ex
912 773 1129 842 imbecillitate
1150 776 1265 842 mentis
1287 780 1416 842 nostrae
1436 793 1494 842 nou

329 894 422 962 iaeile
450 894 624 979 disquirere
646 893 816 979 potuimus.
852 890 909 958 Set
930 890 1143 958 considerabit
1163 896 1197 958 et
1218 891 1449 958 animadvertet
1467 896 1497 958 et

331 1010 426 1095 eliget
453 1010 600 1077 diseretio
627 1013 750 1092 uestra,
778 1007 855 1093 quid
882 1011 993 1075 sancta
1013 1012 1116 1075 metm
1137 1011 1247 1074 nostra
1266 1007 1413 1074 Romam
1433 1026 1498 1074 aeo-

330 1127 427 1194 clesia
448 1128 483 1193 in
504 1126 564 1193 hac
586 1144 683 1192 causa
702 1124 780 1191 velit
802 1124 985 1208 admittere,
1013 1123 1090 1210 quid
1112 1123 1310 1191 Corbeiensis
1331 1124 1499 1191 aecclesiae

329 1244 402 1331 paci
424 1242 606 1326 conveniat,
633 1241 709 1327 quid
730 1245 858 1307 nostrae
880 1240 980 1326 quieti
999 1238 1160 1327 proficiat,
1183 1241 1260 1326 quid
1281 1241 1414 1308 tandem
1435 1260 1499 1308 aec·

330 1359 427 1426 clesia
454 1358 494 1425 de
515 1340 700 1425 Aldesleue¹
721 1360 754 1424 et
784 1356 904 1423 amium
931 1360 1041 1424 noster
1066 1356 1208 1423 marchio
1235 1358 1270 1424 in
1295 1358 1357 1425 boc
1370 1358 1500 1447 negotio

329 1480 398 1542 tute
424 1475 565 1561 recipere
593 1474 706 1541 ualeat
746 1470 830 1540 Nam
858 1473 990 1541 verbum
1017 1473 1057 1541 de
1083 1472 1266 1558 Aldesleve‚
1298 1475 1386 1560 quod
1414 1474 1504 1541 nobis

329 1611 388 1679 per
414 1592 561 1658 nuntium
587 1596 744 1674 usam,
772 1609 837 1656 non
863 1590 899 1655 in
922 1588 1055 1674 litteris,
1083 1595 1236 1676 tanquam
1257 1610 1327 1657 rem
1349 1597 1501 1657 socratam

330 1708 520 1791 mandastis,
548 1707 614 1775 iam
644 1706 727 1793 apud
754 1726 813 1773 nos
840 1704 1004 1789 vulgatum
1031 1710 1109 1773 crat
1145 1705 1309 1793 Siquidem
1335 1707 1395 1774 ille
1420 1708 1500 1774 idem

331 1824 431 1891 bonus
453 1824 504 1890 uir
525 1822 620 1889 solite
640 1821 769 1889 leuitate
791 1842 856 1888 non
878 1822 989 1889 amicis
1010 1826 1060 1889 set
1081 1821 1313 1909 depositoribus
1335 1824 1416 1907 suis,
1442 1842 1502 1889 non

330 1938 539 2007 familiaribus
556 1944 605 2007 set
618 1944 692 2026 post
706 1938 936 2025 depositionem
949 1958 1041 2005 suam
1060 1939 1159 2005 stiam
1171 1938 1402 2007 miamanlmm
1417 1950 1502 2007 eum·

330 2057 389 2123 hec
403 2056 513 2123 eadem
527 2055 765 2143 propalaverat3
788 2060 822 2121 et
842 2054 979 2139 eosdem,
1000 2060 1038 2121 ut
1052 2055 1094 2122 ad
1108 2055 1202 2140 diem,
1226 2076 1287 2142 quo
1306 2076 1369 2123 nos
1383 2062 1419 2123 st
1437 2057 1504 2142 ipse

331 2174 516 2241 conventuri
538 2190 673 2255 oramus,
696 2171 850 2255 venirent,
873 2176 1050 2255 rogaverat„
1073 2190 1146 2238 cum
1160 2191 1218 2239 nos
1233 2172 1347 2239 dehac
1371 2192 1503 2240 conum

331 2291 417 2357 tione
431 2308 561 2376 prorsus
576 2288 805 2371 ignoraremus,
828 2291 923 2372 atque
941 2287 1014 2354 ideo
1033 2287 1298 2357 reconciliationis
1313 2289 1502 2376 colloquium

331 2407 420 2493 prius
442 2405 503 2472 luit
524 2404 615 2472 nobis
638 2408 820 2491 suspectum
842 2422 938 2489 quam
958 2404 1129 2488 cognitum.

336 2618 422 2691 137.
442 2620 622 2686 Raioordos
634 2619 729 2685 obbas
739 2618 976 2685 Reiaebussasis
993 2619 1170 2686 Woatoam
1182 2631 1283 2708 ropac,
1296 2618 1508 2687 Haeserat

444 2738 593 2805 doraum
608 2736 749 2802 abbatem
765 2735 975 2801 caeam
989 2736 1183 2822 indulpaater
1195 2736 1316 2803 babeat
1342 2735 1402 2817 (bl.
1420 2734 1502 2816 119.)

245 2886 314 2942 1148
421 2870 545 2936 Domno
557 2866 727 2949 Wlibaldo)
742 2865 916 2933 versabili
931 2866 1112 2935 Corbsiensi
1128 2868 1235 2935 abbati
1248 2868 1348 2936 usur
1362 2869 1502 2953 Ricina-

334 2987 404 3067 dus)
424 2986 460 3051 in
481 2984 629 3052 abbatum
644 3002 775 3050 numero
794 2982 954 3067 minimus,
978 2984 1127 3070 quicquid
1139 2982 1342 3053 fidelimimus
1360 3006 1401 3053 ac
1414 2987 1503 3053 deso·

334 3102 476 3170 tissimus
499 3098 633 3167 animus.

423 3216 610 3285 Dilectionis
624 3220 747 3283 vestae
768 3214 956 3301 presentiae,
978 3215 1119 3282 unorum
1134 3216 1311 3301 kafissirne,
1332 3237 1503 3305 proposse·

335 3354 404 3401 ram
426 3354 477 3399 me
499 3330 704 3419 corporaliter
727 3330 891 3415 exhibere,
919 3337 969 3397 set
988 3350 1030 3398 ne
1050 3331 1086 3398 id
1106 3330 1211 3416 fieret,
1235 3334 1433 3419 equitaturob
1454 3334 1503 3400 ds·

335 3451 435 3519 iectus
449 3448 622 3536 prohibuit,
638 3468 731 3535 quem
745 3447 825 3515 mihi
840 3447 1003 3514 cuimdam
1012 3449 1088 3515 sani
1098 3446 1255 3535 etperfidi
1268 3450 1408 3518 bominis
1421 3452 1502 3518 aaa

337 3572 370 3634 et
384 3566 527 3653 deceptio
541 3566 625 3633 iecit.
661 3563 760 3650 Igitur
774 3564 866 3630 venio
881 3583 940 3650 per
953 3564 1076 3631 litteras
1094 3570 1127 3631 et
1141 3565 1299 3652 spiritam
1314 3587 1352 3633 eo
1366 3574 1502 3635 ream

337 3683 537 3752 dilectionem
565 3680 706 3748 salutans
735 3678 864 3764 affectu,
893 3699 986 3766 quem
1008 3700 1065 3746 vos
1088 3680 1243 3766 exlongo
1265 3682 1421 3769 probasse
1443 3702 1501 3751 nou

338 3800 455 3867 dubito.
490 3798 626 3865 Causam
653 3816 744 3880 sero,
774 3816 835 3882 que
856 3816 907 3863 me
933 3796 993 3864 hoc
1020 3802 1164 3884 tempore
1188 3803 1296 3885 preter
1317 3798 1502 3867 visitatoris

337 3923 461 3984 vestae
483 3914 674 3982 desiderium
695 3913 804 3979 venne
826 3911 978 3997 soluerat,
999 3913 1242 4000 probatissimae
1261 3914 1445 3985 dismetiuni
1463 3917 1501 3983 si·

338 4032 466 4120 mulque
487 4030 600 4119 pietati
621 4033 745 4097 uestrae
768 4029 941 4113 committo,
963 4030 1111 4116 quatinus
1126 4030 1212 4117 apud
1232 4050 1304 4098 eam
1316 4050 1383 4099 non
1404 4033 1501 4099 minus

339 4168 397 4235 pro
415 4168 453 4215 ea
472 4166 545 4214 mea
566 4146 686 4232 scripta
700 4164 796 4231 quam
809 4145 900 4212 virae
913 4146 1000 4213 vocis
1013 4138 1111 4214 rerba
1124 4146 1262 4232 ualeant,
1275 4152 1308 4215 et
1320 4148 1366 4234 ni,
1389 4150 1443 4236 qni
1454 4166 1500 4215 me

413 4312 434 4344 s.
454 4297 615 4345 infamantibus
631 4310 682 4343 cum
697 4299 780 4356 scripsi
791 4312 834 4356 pro
849 4296 933 4345 infanta
948 4298 999 4344 cod.
1060 4297 1084 4345 b.
1099 4298 1202 4358 cquitsrc
1217 4316 1238 4346 a.

415 4393 440 4445 1.
458 4390 623 4460 Oldisleben
642 4404 721 4447 cosn.
733 4391 760 4447 d.
773 4391 960 4464 loquutione,
976 4392 1014 4449 ab
1030 4390 1160 4450 Erfurdis
1175 4393 1214 4450 sd
1229 4395 1449 4465 mones
