3117 4859
418 274 567 325 vmarmr
587 274 775 325 monas
793 274 887 324 saca
1171 258 1235 327 159

77 414 278 485 membrum
299 415 501 485 deformitate
521 417 562 485 ad
585 418 796 486 sacerdotium
816 438 882 486 non
901 423 1028 506 poterat
1043 420 1232 506 promoveri.
1257 424 1328 481 nte

76 534 209 621 ldooquo,
234 534 319 621 quod
339 554 435 622 super
456 535 524 602 sius
547 534 697 602 electione
718 535 837 609 ¹factuam
859 540 922 620 est,
949 535 1135 603 sonoritate
1158 557 1234 623 apo-
1249 500 1332 559 ΑΜ

75 650 178 718 sabos
196 650 232 717 irr
253 650 380 718 britum
402 650 600 736 deducentes,
626 652 806 737 monachos,
830 651 960 721 clericos
983 651 1023 720 ab
1044 652 1234 737 obedientia,

76 772 107 835 a
125 766 221 835 laicos
249 768 280 835 t'
295 766 464 853 fidelitate,
496 788 591 854 quam
619 768 787 835 elicuisse
815 775 1003 854 noscuntur,
1031 768 1233 845 absolvimus.

75 882 264 973 Quapropter
293 904 351 971 per
378 885 539 973 presentia
565 884 654 953 vobis
682 886 801 972 scripta
827 886 1014 953 mandamus
1042 891 1136 971 atque
1161 906 1234 973 pre-

74 1000 216 1089 cipimus,
244 1002 391 1087 quatinus
414 1002 453 1069 de
476 1000 537 1069 alio
560 1001 713 1086 claustro,
737 1002 868 1069 oonsilio
890 1002 1076 1069 dilectorum
1096 1000 1234 1069 filiorum

73 1122 245 1184 nosmorum
266 1116 357 1185 Adae
378 1114 581 1203 Ebracensis,
610 1114 874 1204 Eberbachonsis‚
904 1116 1134 1204 Herleldensis,
1157 1117 1233 1185 (lor-

74 1232 199 1301 beiensis
216 1232 376 1320 abbatum,
399 1254 566 1322 personam
581 1232 771 1319 religiosam,
796 1235 973 1321 discretm,
995 1234 1177 1321 litteratam,
1199 1235 1234 1301 in

73 1349 210 1418 abbatem
244 1349 333 1418 vobis
368 1351 514 1419 invocata
542 1351 650 1419 divina
676 1353 780 1436 graba
814 1352 954 1438 eligatis,
986 1372 1044 1440 per
1077 1372 1172 1438 quam
1200 1353 1234 1417 in

4 1514 5 1519 .
73 1472 168 1533 restro
197 1466 335 1535 claustro
363 1466 524 1553 religionis
549 1468 670 1551 fervor,
700 1468 755 1555 qui
777 1469 914 1555 peccetis
936 1468 1133 1553 exigentibus
1155 1468 1235 1535 inibi

4 1636 5 1657 2
72 1584 203 1671 tepuisse
226 1584 410 1669 dinoscitur,
433 1582 538 1652 valeat
558 1586 701 1673 reparari
724 1590 755 1651 et
776 1586 873 1653 verbo
895 1586 964 1653 eius
987 1605 1024 1652 ac
1045 1586 1145 1653 bonae
1160 1606 1233 1652 con·

71 1700 252 1767 versationis
280 1700 424 1788 exemplo
452 1701 555 1789 possit
581 1700 696 1767 futuris
724 1700 919 1788 temporibus
945 1701 1105 1770 custodiri
1151 1702 1235 1770 Data

70 1814 170 1883 Remis
193 1820 214 1884 6
239 1816 313 1883 Idus
334 1816 467 1904 Aprilis.

152 1928 271 2018 Igitur¹
282 1952 340 2000 nos
355 1932 469 1999 trabes
480 1932 652 2001 Fuldenses
665 1934 863 2001 obsecramus
875 1934 1075 2002 sanctitatem
1086 1938 1233 2020 vestram,

4 2126 5 2129 Ἴ
71 2046 176 2116 domne
192 2049 276 2118 abbe
285 2048 439 2134 Wibalde,
458 2052 606 2137 quatinus
622 2071 670 2136 ea,
686 2070 766 2137 quae
781 2051 881 2118 irater
894 2055 1002 2118 noster
1016 2051 1234 2119 Heremannus

4 2222 5 2265 ,
71 2167 271 2252 camerarius,
300 2166 496 2253 presentium
517 2165 616 2252 lator,
639 2166 713 2235 viva
734 2187 811 2235 voce
832 2167 922 2236 vobis
945 2170 1151 2255 suggesserit,
1174 2169 1233 2236 im-

70 2280 150 2369 plere
171 2304 238 2351 nou
259 2282 482 2369 dedignemini.

73 2510 127 2584 86.
150 2516 315 2605 Elegarsina
340 2512 396 2584 ΠΙ
419 2538 511 2605 papa
537 2514 723 2600 Ebracena',
758 2515 982 2600 Eberbocenes‘,
1011 2516 1232 2603 Hersfeldeoss‘,

153 2632 329 2700 Gorbeierrei
351 2634 511 2699 abbatibus
532 2632 670 2713 mundae
694 2644 729 2698 at
750 2634 870 2700 addatis
892 2634 1025 2721 eligendi
1046 2657 1141 2700 caasa
1154 2630 1232 2701 llas

151 2751 228 2816 dnm
250 2750 440 2814 connectant.
1093 2746 1147 2832 (Μ.
1164 2749 1232 2834 69.)

150 2880 313 2967 Eugenius
336 2882 501 2969 episcopus
523 2900 631 2948 servus
655 2901 818 2949 servorum
834 2880 896 2949 Dei
918 2880 1040 2950 dilectis
1060 2880 1135 2951 filiis
1149 2880 1231 2951 Ebc
1256 2893 1324 2949 1148

70 2994 212 3085 recensi¹,
236 2998 478 3083 Aeverbacensi,
502 2992 732 3064 Hersfeldensi³
747 3002 780 3065 et
794 2997 975 3067 Gorbeiensi
997 2998 1161 3080 abbatibus
1181 3020 1232 3068 sa·
1247 2968 1330 3027 ΔΜ

70 3108 159 3183 lutem
181 3120 216 3183 et
239 3114 443 3202 apostolicam
464 3114 724 3182 benedictionem.

150 3230 186 3298 ln
217 3230 408 3320 apostolicae
436 3230 519 3297 sedis
542 3230 670 3319 specula
691 3230 877 3319 disponente
899 3230 1036 3299 Domino
1058 3234 1246 3321 constituti,-

70 3346 207 3415 cmnibus
232 3346 343 3413 mundi
365 3346 541 3433 aecclesiis,
570 3352 636 3413 tam
659 3347 770 3414 vicinis
794 3368 890 3434 quam
911 3348 1003 3433 longe
1024 3351 1153 3437 positis,
1178 3372 1232 3418 ex·

71 3469 133 3529 acta
159 3464 326 3548 diligentia
351 3462 518 3551 providere
545 3462 771 3551 compellimur.
818 3462 899 3543 Quia
920 3486 995 3532 vero
1021 3466 1135 3534 trabes
1157 3466 1232 3535 Ful·

70 3576 167 3647 densis
201 3580 387 3647 monasterii
419 3585 529 3646 contra
557 3578 800 3666 prohibitionem
828 3586 969 3647 nostram
998 3602 1165 3670 personam
1192 3584 1231 3651 de

70 3692 198 3764 obustro
229 3696 357 3785 proprio
384 3694 559 3780 elegerunt,
591 3701 624 3762 et
644 3696 848 3784 prepediente
871 3696 1069 3766 deformitate
1091 3700 1231 3788 corporis

71 3812 106 3877 ad
126 3812 336 3881 sacerdotium
355 3812 521 3881 ascendere
536 3832 599 3878 non
615 3810 758 3898 debebat,
783 3812 866 3899 quod
881 3813 920 3881 de
935 3834 971 3882 eo
986 3815 1104 3882 factum
1118 3817 1231 3903 luerat,

70 3922 100 3993 in
119 3928 244 3997 irritum
267 3928 423 3995 duximus.
458 3928 505 3996 Ne
527 3930 625 4014 igitur
648 3928 756 3995 eadem
780 3927 932 3997 aecclesia
950 3952 1008 4019 pro
1024 3932 1161 4019 pastoris
1177 3932 1231 4000 ab·

71 4046 165 4112 mutia
193 4052 261 4112 tam
286 4046 320 4111 in
343 4045 558 4133 spiritualibus
583 4066 677 4132 quam
700 4046 734 4111 in
756 4046 981 4133 temporalibus
1004 4048 1114 4132 gravia
1135 4048 1231 4115 detri-

71 4167 170 4228 menta
192 4162 357 4247 sustineat,
379 4183 437 4250 per
451 4163 611 4251 presentia
624 4162 713 4229 robis
729 4162 849 4250 scripta
862 4163 1059 4250 mandamus,
1083 4165 1230 4251 quatinus

74 4384 95 4443 a
111 4302 159 4446 Hl.
177 4302 220 4359 De
232 4301 286 4359 boe
297 4302 475 4361 Fuldsusium
487 4302 674 4362 additamento
693 4304 728 4361 cl.
742 4303 888 4375 epistolam
902 4305 953 4360 114
963 4302 1044 4361 inira
1097 4306 1125 4363 2.
1140 4304 1230 4365 aueo

136 4392 246 4449 emrioo.
