3117 4859
446 302 594 349 vmssmr
615 300 780 349 anienem
805 300 858 348 ree.
1170 286 1236 354 235

70 442 174 511 ldeles
196 448 322 511 nostros
344 448 411 511 tam
433 442 472 510 de
492 444 644 511 batibus
667 464 761 530 mam
777 444 873 510 etiam
895 444 934 510 de
954 444 1044 511 laicis
1066 464 1237 514 convocare
1260 452 1329 509 lile

70 560 261 645 deberemus,
283 565 321 627 ut
342 560 381 628 de
403 561 509 645 verbo,
533 560 616 647 quod
639 580 869 648 acceperamus,
891 580 1018 628 morosa
1039 566 1072 629 et
1093 562 1236 649 diligenti
1251 526 1333 575 ΝΜ

69 680 292 747 deliberatione
312 683 496 761 traomntes,
520 697 559 743 ex
581 676 712 743 consilio
734 676 924 765 respondere
944 698 1117 765 possemne

152 796 246 875 Quod
269 798 374 862 autem
395 796 430 861 in
453 792 637 860 alterutram
658 798 783 880 partem
797 794 1010 862 dubitavimus
1023 815 1083 863 nec
1097 796 1236 864 oblatum

68 913 154 981 robis
184 912 314 979 honoris
340 911 445 977 looum
476 910 583 977 debita
614 896 803 977 humilitatis
836 910 1020 979 tortitudine
1047 913 1235 1000 respuimus,

68 1030 223 1117 quaedam
244 1028 468 1116 preteritarum
489 1048 596 1094 rerum
617 1026 794 1094 recordatio
822 1028 983 1095 suadebat
1074 1028 1237 1115 Siquidem

67 1152 97 1214 ct
117 1152 216 1214 antea
236 1144 406 1212 nonnullae
428 1144 597 1211 aecclesiae
614 1164 672 1211 nos
688 1144 729 1211 ad
742 1144 846 1243 locum
859 1145 1024 1229 regiminis
1037 1152 1236 1232 vocaverant,

67 1264 202 1349 quodam
225 1262 387 1350 popularis
401 1261 510 1327 iudicii
525 1260 673 1348 deceptae
688 1262 852 1348 preconi03
876 1267 927 1328 set
939 1282 997 1328 nos
1012 1262 1159 1350 propriae
1172 1264 1238 1330 ira·

66 1380 198 1465 gilitafis
221 1384 256 1447 et
275 1378 471 1463 ignorantiae
492 1378 619 1462 conscii,
641 1376 738 1464 plena
754 1382 787 1445 et
800 1378 905 1444 veraci
924 1378 1071 1446 libertate
1091 1378 1171 1447 illud
1190 1382 1237 1448 eis

66 1496 287 1585 propheticum
309 1494 590 1581 respondebamus:
619 1496 696 1560 Neo
723 1518 793 1560 eam
818 1496 972 1578 oredicue,
1000 1521 1066 1562 nore
1087 1501 1122 1563 io
1144 1500 1237 1565 domo

65 1638 132 1681 mea
147 1618 373 1693 vestimentum,
397 1613 492 1679 colite
510 1636 560 1678 ose
573 1614 757 1678 comederem
765 1615 947 1699 princepem
955 1614 1074 1701 pepedi
1080 1609 1098 1678 ¹.
1132 1612 1238 1700 Atque

66 1730 109 1796 ita
121 1728 272 1797 formatis
293 1728 411 1814 absque
425 1728 564 1795 eserieie
576 1727 727 1811 moribus,
743 1728 944 1813 contentique
957 1726 1184 1815 presentibus²,
1207 1732 1237 1798 ei

65 1847 270 1930 monasterio,
293 1845 343 1911 eui
365 1845 496 1932 ascripti
518 1864 652 1929 eremus,
676 1845 736 1911 etsi
754 1864 820 1909 non
840 1844 920 1911 bene
931 1846 1060 1913 vivendi
1082 1846 1237 1934 exemplo,

65 1964 113 2031 vel
135 1962 276 2031 fideliter
299 1962 551 2028 amministrandi
573 1960 677 2027 studio
692 1960 954 2028 deserviebamus.
1033 1962 1113 2031 Orta
1126 1969 1176 2030 eet
1187 1966 1237 2031 in·

64 2081 169 2165 terim,
193 2080 366 2163 instigante
388 2078 528 2145 omnium
550 2078 704 2145 bonorem
727 2077 841 2162 emulo,
862 2078 948 2145 inter
965 2098 1024 2145 nos
1039 2085 1073 2147 et
1084 2081 1238 2177 quosdam

65 2196 188 2264 villicos
213 2194 408 2263 Stabulensis
431 2196 630 2279 monasterii,
658 2194 744 2261 viros
770 2195 879 2280 utique
901 2214 1015 2279 genere
1037 2196 1184 2264 clientela
1205 2203 1239 2265 et

66 2314 178 2401 opibus
202 2316 365 2400 potentes,
391 2313 496 2397 gravis
519 2316 551 2378 et
572 2312 606 2376 in
628 2310 757 2395 longum
780 2312 900 2395 agitata
920 2312 1074 2379 dissensio
1100 2333 1159 2400 pro
1188 2334 1236 2399 eo,

66 2431 149 2517 quod
171 2430 237 2518 ipsi
259 2428 357 2497 villici
372 2428 520 2496 volebant
533 2426 740 2494 hereditarie·
754 2426 917 2514 possidere
931 2430 1144 2496 sanctuarinm
1159 2430 1235 2513 Dei3

66 2553 98 2614 et
116 2550 193 2635 ipsa
214 2544 417 2613 villicationis
447 2542 551 2611 officia
577 2564 616 2611 ex
645 2544 842 2611 successione
868 2549 1003 2632 paterna
1023 2552 1057 2612 et
1078 2548 1164 2613 avita
1184 2566 1237 2614 ce·

66 2665 201 2752 pientes,
218 2662 461 2730 dominabantur
470 2661 628 2743 in=rebus3
643 2666 814 2747 nostraque
829 2662 1102 2749 etprepositorum
1112 2668 1236 2731 nostro-

66 2802 136 2847 rum
159 2784 284 2848 statuta
311 2778 535 2846 contumaciter
561 2778 791 2862 rescindentes,
819 2782 851 2845 et
876 2777 1002 2845 colonos
1028 2779 1178 2847 indebitis
1204 2785 1239 2849 et

67 2898 204 2965 assiduis
228 2895 442 2964 oracionibus
466 2894 686 2983 opprimebant
706 2899 738 2962 et
751 2895 852 2962 iustos
865 2896 1032 2982 pensiones
1045 2896 1237 2964 monasterio

66 3032 268 3101 nequaqnam
289 3013 474 3081 inserebant
509 3012 559 3080 lta
571 3011 745 3079 miserabili
767 3018 801 3079 et
820 3013 1000 3099 importuno
1022 3012 1158 3080 clamore
1178 3032 1236 3101 po-

66 3130 143 3217 puli,
167 3131 259 3198 ouius
281 3130 446 3197 terrolam
461 3131 527 3197 lere
542 3134 666 3197 vastata
681 3134 712 3195 et
727 3128 867 3195 desolata
881 3134 959 3214 eret,
981 3148 1118 3196 necnon
1130 3130 1237 3198 inedia

67 3247 296 3315 monachorum
319 3264 355 3313 ao
371 3248 464 3313 ruina
478 3246 597 3314 ordinis
611 3250 742 3333 propter
758 3244 978 3312 alnnentomm
992 3246 1147 3313 delectum
1162 3266 1237 3334 sepe

68 3370 99 3430 et
119 3362 218 3431 nimis
241 3363 435 3447 exacerbati,
458 3364 597 3449 cepimus
620 3364 728 3449 iniquo
750 3367 892 3449 tempore
913 3364 1057 3450 tyrannis
1078 3365 1236 3450 resistere,

68 3482 162 3566 certi,
189 3486 342 3567 quantum
364 3479 538 3548 defuturis
560 3478 629 3547 lieri
650 3483 792 3567 poterat,
815 3479 899 3564 quod
921 3483 977 3546 aut
997 3481 1082 3547 circa
1102 3480 1236 3549 salutem

68 3602 212 3665 nostram
233 3598 499 3685 periclitaremur,
527 3597 577 3663 vel
599 3596 640 3663 ad
663 3594 833 3663 salutarem
855 3594 1000 3662 effectum
1021 3616 1149 3664 oausam
1170 3602 1237 3665 tam

67 3716 279 3783 neeessariam
303 3714 473 3801 perducere
494 3734 559 3780 non
577 3732 751 3800 possemus.
785 3713 923 3797 Etenim,
946 3714 1030 3800 quod
1044 3714 1237 3782 cumdolore

69 3837 100 3899 et
113 3832 237 3917 gemitu
252 3830 395 3916 dicimis,
407 3832 479 3897 iura
492 3831 557 3897 iam
571 3831 768 3915 interierunt,
779 3829 865 3915 leges
880 3831 1101 3915 occubuerunt,
1112 3850 1235 3898 morum

70 3937 239 4036 disciplina
260 3948 398 4015 extincta
421 3954 483 4032 est,
513 3948 702 4014 consuetudo
724 3947 891 4014 vetustatis
918 3946 1037 4013 abolita
1061 3952 1124 4032 est,
1151 3948 1236 4031 regis

70 4072 101 4132 st
121 4066 306 4153 principum
327 4064 428 4131 virtus
456 4068 489 4130 et
508 4068 649 4150 potestas
672 4064 840 4149 obsolevit,
867 4063 942 4130 lieet
962 4064 1130 4149 unicuique
1151 4064 1236 4149 quod

69 4180 163 4266 libet,
192 4187 224 4248 et
253 4181 337 4267 quod
364 4181 476 4247 statuit
503 4180 567 4247 vim
593 4180 672 4265 legis
701 4180 831 4247 obtinet
920 4179 1000 4247 Cum
1021 4179 1120 4263 igitur
1140 4181 1175 4245 in
1198 4200 1237 4246 ea

70 4298 306 4386 perturbatione
320 4296 443 4365 labores
462 4296 601 4365 infinitos
622 4304 654 4365 et
669 4318 823 4386 expensas
837 4297 1043 4365 toleraremus
1064 4314 1137 4363 cum
1152 4296 1236 4384 apud

3 4564 9 4578 ‘
141 4414 336 4561 lllralllgo'll
373 4492 400 4547 2.
418 4490 503 4547 llebr.
516 4492 558 4561 13,
572 4491 599 4547 5.
