<?xml version="1.0" encoding="UTF-8"?>
<!DOCTYPE html PUBLIC "-//W3C//DTD XHTML 1.0 Transitional//EN"
    "http://www.w3.org/TR/xhtml1/DTD/xhtml1-transitional.dtd">
<html xmlns="http://www.w3.org/1999/xhtml" xml:lang="en" lang="en">
 <head>
  <title>
</title>
<meta http-equiv="Content-Type" content="text/html;charset=utf-8" />
  <meta name='ocr-system' content='tesseract 3.04.00' />
  <meta name='ocr-capabilities' content='ocr_page ocr_carea ocr_par ocr_line ocrx_word'/>
</head>
<body>
  <div class='ocr_page' id='page_1' title='image "./bibliothecareru05jaffgoog_0181.png"; bbox 0 0 3117 4859; ppageno 0'>
   <div class='ocr_carea' id='block_1_1' title="bbox 429 274 1252 342">
    <p class='ocr_par' dir='ltr' id='par_1_1' title="bbox 429 274 1252 342">
     <span class='ocr_line' id='line_1_1' title="bbox 429 274 1252 342; baseline 0.001 -1"><span class='ocrx_word' id='word_1_1' title='bbox 429 292 578 341; x_wconf 79' lang='lat' dir='ltr'>wmannr</span> <span class='ocrx_word' id='word_1_2' title='bbox 598 291 787 341; x_wconf 78' lang='lat' dir='ltr'>nrnsronan</span> <span class='ocrx_word' id='word_1_3' title='bbox 809 292 848 341; x_wconf 82' lang='lat' dir='ltr'>or.</span> <span class='ocrx_word' id='word_1_4' title='bbox 863 292 902 339; x_wconf 87' lang='lat' dir='ltr'>se.</span> <span class='ocrx_word' id='word_1_5' title='bbox 1187 274 1252 342; x_wconf 76' lang='lat'>1⁵13</span> 
     </span>
    </p>
   </div>
   <div class='ocr_carea' id='block_1_2' title="bbox 78 433 1340 1570">
    <p class='ocr_par' dir='ltr' id='par_1_2' title="bbox 80 433 1340 755">
     <span class='ocr_line' id='line_1_2' title="bbox 81 433 1340 522; baseline -0.003 -21"><span class='ocrx_word' id='word_1_6' title='bbox 81 452 150 500; x_wconf 89' lang='lat' dir='ltr'>rum</span> <span class='ocrx_word' id='word_1_7' title='bbox 171 452 282 501; x_wconf 89' lang='lat' dir='ltr'>rerum</span> <span class='ocrx_word' id='word_1_8' title='bbox 305 438 472 519; x_wconf 70' lang='lat' dir='ltr'>cessarent,</span> <span class='ocrx_word' id='word_1_9' title='bbox 496 435 644 521; x_wconf 86' lang='lat' dir='ltr'>quonium</span> <span class='ocrx_word' id='word_1_10' title='bbox 661 433 749 501; x_wconf 85' lang='lat' dir='ltr'>nulla</span> <span class='ocrx_word' id='word_1_11' title='bbox 763 434 908 522; x_wconf 89' lang='lat' dir='ltr'>cappella</span> <span class='ocrx_word' id='word_1_12' title='bbox 920 434 1000 503; x_wconf 87' lang='lat' dir='ltr'>baec</span> <span class='ocrx_word' id='word_1_13' title='bbox 1013 434 1034 501; x_wconf 77' lang='lat' dir='ltr'>t</span> <span class='ocrx_word' id='word_1_14' title='bbox 1047 454 1106 501; x_wconf 86' lang='lat' dir='ltr'>sua</span> <span class='ocrx_word' id='word_1_15' title='bbox 1118 435 1251 502; x_wconf 85' lang='lat' dir='ltr'>matrice</span> <span class='ocrx_word' id='word_1_16' title='bbox 1269 440 1340 497; x_wconf 78' lang='lat'>1148</span> 
     </span>
     <span class='ocr_line' id='line_1_3' title="bbox 80 549 1252 639; baseline 0.002 -23"><span class='ocrx_word' id='word_1_17' title='bbox 80 550 147 617; x_wconf 91' lang='lat' dir='ltr'>iure</span> <span class='ocrx_word' id='word_1_18' title='bbox 170 549 253 617; x_wconf 90' lang='lat' dir='ltr'>solet</span> <span class='ocrx_word' id='word_1_19' title='bbox 274 550 410 635; x_wconf 78' lang='lat' dir='ltr'>exigere,</span> <span class='ocrx_word' id='word_1_20' title='bbox 434 551 509 637; x_wconf 87' lang='lat' dir='ltr'>quia</span> <span class='ocrx_word' id='word_1_21' title='bbox 530 550 576 617; x_wconf 88' lang='lat' dir='ltr'>hii</span> <span class='ocrx_word' id='word_1_22' title='bbox 599 552 653 638; x_wconf 92' lang='lat' dir='ltr'>qui</span> <span class='ocrx_word' id='word_1_23' title='bbox 670 550 830 638; x_wconf 88' lang='lat' dir='ltr'>cappellae</span> <span class='ocrx_word' id='word_1_24' title='bbox 845 556 1098 635; x_wconf 85' lang='lat' dir='ltr'>comtruxerunt,</span> <span class='ocrx_word' id='word_1_25' title='bbox 1120 556 1252 639; x_wconf 91' lang='lat' dir='ltr'>propter</span> 
     </span>
     <span class='ocr_line' id='line_1_4' title="bbox 80 664 1250 755; baseline 0 -22"><span class='ocrx_word' id='word_1_26' title='bbox 80 664 197 733; x_wconf 88' lang='lat' dir='ltr'>laboris</span> <span class='ocrx_word' id='word_1_27' title='bbox 212 666 443 755; x_wconf 89' lang='lat' dir='ltr'>compendium,</span> <span class='ocrx_word' id='word_1_28' title='bbox 466 687 507 734; x_wconf 89' lang='lat' dir='ltr'>ne</span> <span class='ocrx_word' id='word_1_29' title='bbox 522 667 563 733; x_wconf 90' lang='lat' dir='ltr'>ad</span> <span class='ocrx_word' id='word_1_30' title='bbox 576 668 740 735; x_wconf 88' lang='lat' dir='ltr'>matricem</span> <span class='ocrx_word' id='word_1_31' title='bbox 756 666 940 735; x_wconf 75' lang='lat' dir='ltr'>aecclesiam</span> <span class='ocrx_word' id='word_1_32' title='bbox 953 668 1046 753; x_wconf 78' lang='lat' dir='ltr'>longe</span> <span class='ocrx_word' id='word_1_33' title='bbox 1059 666 1250 753; x_wconf 70' lang='lat' dir='ltr'>laborarent,</span> 
     </span>
    </p>

    <p class='ocr_par' dir='ltr' id='par_1_3' title="bbox 78 783 1252 1570">
     <span class='ocr_line' id='line_1_5' title="bbox 81 783 1251 872; baseline -0.001 -21"><span class='ocrx_word' id='word_1_34' title='bbox 81 803 117 851; x_wconf 86' lang='lat' dir='ltr'>cx</span> <span class='ocrx_word' id='word_1_35' title='bbox 141 784 210 851; x_wconf 88' lang='lat' dir='ltr'>suis</span> <span class='ocrx_word' id='word_1_36' title='bbox 232 785 370 872; x_wconf 87' lang='lat' dir='ltr'>propriis</span> <span class='ocrx_word' id='word_1_37' title='bbox 393 783 515 851; x_wconf 89' lang='lat' dir='ltr'>collatis</span> <span class='ocrx_word' id='word_1_38' title='bbox 539 784 579 851; x_wconf 90' lang='lat' dir='ltr'>ad</span> <span class='ocrx_word' id='word_1_39' title='bbox 602 804 726 851; x_wconf 93' lang='lat' dir='ltr'>omnem</span> <span class='ocrx_word' id='word_1_40' title='bbox 741 786 988 871; x_wconf 83' lang='lat' dir='ltr'>oportunitatem</span> <span class='ocrx_word' id='word_1_41' title='bbox 1001 783 1163 872; x_wconf 86' lang='lat' dir='ltr'>cappellae</span> <span class='ocrx_word' id='word_1_42' title='bbox 1176 802 1251 870; x_wconf 90' lang='lat' dir='ltr'>pro·</span> 
     </span>
     <span class='ocr_line' id='line_1_6' title="bbox 80 899 1251 987; baseline 0 -20"><span class='ocrx_word' id='word_1_43' title='bbox 80 900 188 967; x_wconf 80' lang='lat' dir='ltr'>ridere</span> <span class='ocrx_word' id='word_1_44' title='bbox 210 901 433 987; x_wconf 88' lang='lat' dir='ltr'>promiserunt.</span> <span class='ocrx_word' id='word_1_45' title='bbox 480 900 539 969; x_wconf 82' lang='lat' dir='ltr'>Cui</span> <span class='ocrx_word' id='word_1_46' title='bbox 566 902 739 970; x_wconf 86' lang='lat' dir='ltr'>sententiae</span> <span class='ocrx_word' id='word_1_47' title='bbox 766 920 839 968; x_wconf 92' lang='lat' dir='ltr'>cum</span> <span class='ocrx_word' id='word_1_48' title='bbox 860 902 1012 986; x_wconf 79' lang='lat' dir='ltr'>magister</span> <span class='ocrx_word' id='word_1_49' title='bbox 1032 899 1251 983; x_wconf 75' lang='lat' dir='ltr'>Btaldovinus)</span> 
     </span>
     <span class='ocr_line' id='line_1_7' title="bbox 80 1015 1252 1103; baseline 0.002 -20"><span class='ocrx_word' id='word_1_50' title='bbox 80 1036 142 1083; x_wconf 93' lang='lat' dir='ltr'>non</span> <span class='ocrx_word' id='word_1_51' title='bbox 165 1018 389 1103; x_wconf 65' lang='lat' dir='ltr'>acquiesceret„</span> <span class='ocrx_word' id='word_1_52' title='bbox 412 1017 557 1085; x_wconf 85' lang='lat' dir='ltr'>monaehi</span> <span class='ocrx_word' id='word_1_53' title='bbox 580 1016 688 1084; x_wconf 85' lang='lat' dir='ltr'>Sancti</span> <span class='ocrx_word' id='word_1_54' title='bbox 703 1015 855 1102; x_wconf 81' lang='lat' dir='ltr'>Medendi,</span> <span class='ocrx_word' id='word_1_55' title='bbox 878 1017 1020 1084; x_wconf 87' lang='lat' dir='ltr'>videntes</span> <span class='ocrx_word' id='word_1_56' title='bbox 1043 1038 1078 1084; x_wconf 90' lang='lat' dir='ltr'>ee</span> <span class='ocrx_word' id='word_1_57' title='bbox 1100 1016 1252 1085; x_wconf 82' lang='lat' dir='ltr'>dilatione</span> 
     </span>
     <span class='ocr_line' id='line_1_8' title="bbox 80 1133 1251 1221; baseline -0.001 -20"><span class='ocrx_word' id='word_1_58' title='bbox 80 1153 147 1200; x_wconf 87' lang='lat' dir='ltr'>esse</span> <span class='ocrx_word' id='word_1_59' title='bbox 174 1134 345 1201; x_wconf 72' lang='lat' dir='ltr'>fraenatos</span> <span class='ocrx_word' id='word_1_60' title='bbox 371 1138 405 1201; x_wconf 94' lang='lat' dir='ltr'>et</span> <span class='ocrx_word' id='word_1_61' title='bbox 425 1154 527 1221; x_wconf 89' lang='lat' dir='ltr'>neque</span> <span class='ocrx_word' id='word_1_62' title='bbox 548 1154 607 1221; x_wconf 89' lang='lat' dir='ltr'>per</span> <span class='ocrx_word' id='word_1_63' title='bbox 628 1135 678 1201; x_wconf 90' lang='lat' dir='ltr'>ius</span> <span class='ocrx_word' id='word_1_64' title='bbox 701 1138 756 1201; x_wconf 92' lang='lat' dir='ltr'>aut</span> <span class='ocrx_word' id='word_1_65' title='bbox 776 1154 835 1221; x_wconf 92' lang='lat' dir='ltr'>per</span> <span class='ocrx_word' id='word_1_66' title='bbox 857 1133 1057 1201; x_wconf 89' lang='lat' dir='ltr'>concordiam</span> <span class='ocrx_word' id='word_1_67' title='bbox 1079 1154 1137 1201; x_wconf 88' lang='lat' dir='ltr'>sua</span> <span class='ocrx_word' id='word_1_68' title='bbox 1157 1153 1251 1220; x_wconf 90' lang='lat' dir='ltr'>posse</span> 
     </span>
     <span class='ocr_line' id='line_1_9' title="bbox 79 1250 1251 1338; baseline 0 -21"><span class='ocrx_word' id='word_1_69' title='bbox 79 1252 236 1337; x_wconf 88' lang='lat' dir='ltr'>recipere,</span> <span class='ocrx_word' id='word_1_70' title='bbox 265 1256 387 1319; x_wconf 77' lang='lat' dir='ltr'>vesum</span> <span class='ocrx_word' id='word_1_71' title='bbox 415 1250 610 1319; x_wconf 74' lang='lat' dir='ltr'>celsitudinis</span> <span class='ocrx_word' id='word_1_72' title='bbox 638 1251 832 1338; x_wconf 85' lang='lat' dir='ltr'>presentiam</span> <span class='ocrx_word' id='word_1_73' title='bbox 858 1250 1098 1338; x_wconf 84' lang='lat' dir='ltr'>appellauerunt</span> <span class='ocrx_word' id='word_1_74' title='bbox 1124 1256 1157 1319; x_wconf 88' lang='lat' dir='ltr'>ct</span> <span class='ocrx_word' id='word_1_75' title='bbox 1183 1270 1251 1317; x_wconf 90' lang='lat' dir='ltr'>ma·</span> 
     </span>
     <span class='ocr_line' id='line_1_10' title="bbox 78 1366 1252 1451; baseline -0.001 -17"><span class='ocrx_word' id='word_1_76' title='bbox 78 1368 215 1451; x_wconf 76' lang='lat' dir='ltr'>gistrm</span> <span class='ocrx_word' id='word_1_77' title='bbox 229 1366 462 1451; x_wconf 86' lang='lat' dir='ltr'>B(aldouinnm)</span> <span class='ocrx_word' id='word_1_78' title='bbox 479 1370 591 1435; x_wconf 73' lang='lat' dir='ltr'>vesnia</span> <span class='ocrx_word' id='word_1_79' title='bbox 612 1367 720 1435; x_wconf 87' lang='lat' dir='ltr'>adesse</span> <span class='ocrx_word' id='word_1_80' title='bbox 735 1366 947 1435; x_wconf 88' lang='lat' dir='ltr'>tribunalibus</span> <span class='ocrx_word' id='word_1_81' title='bbox 961 1368 996 1433; x_wconf 93' lang='lat' dir='ltr'>in</span> <span class='ocrx_word' id='word_1_82' title='bbox 1017 1372 1129 1435; x_wconf 83' lang='lat' dir='ltr'>octava</span> <span class='ocrx_word' id='word_1_83' title='bbox 1150 1367 1252 1435; x_wconf 88' lang='lat' dir='ltr'>sancti</span> 
     </span>
     <span class='ocr_line' id='line_1_11' title="bbox 78 1470 986 1570; baseline 0 -19"><span class='ocrx_word' id='word_1_84' title='bbox 78 1480 238 1570; x_wconf 56' lang='lat' dir='ltr'>bertini,</span> <span class='ocrx_word' id='word_1_85' title='bbox 261 1484 351 1553; x_wconf 89' lang='lat' dir='ltr'>nobis</span> <span class='ocrx_word' id='word_1_86' title='bbox 375 1490 408 1553; x_wconf 91' lang='lat' dir='ltr'>et</span> <span class='ocrx_word' id='word_1_87' title='bbox 428 1483 537 1553; x_wconf 86' lang='lat' dir='ltr'>multis</span> <span class='ocrx_word' id='word_1_88' title='bbox 561 1484 770 1569; x_wconf 88' lang='lat' dir='ltr'>audientibus,</span> <span class='ocrx_word' id='word_1_89' title='bbox 783 1470 986 1553; x_wconf 66' lang='lat' dir='ltr'>&#39;mouerunt</span> 
     </span>
    </p>
   </div>
   <div class='ocr_carea' id='block_1_3' title="bbox 79 1694 1251 1789">
    <p class='ocr_par' dir='ltr' id='par_1_4' title="bbox 79 1694 1251 1789">
     <span class='ocr_line' id='line_1_12' title="bbox 79 1694 1251 1789; baseline -0.003 -22"><span class='ocrx_word' id='word_1_90' title='bbox 79 1694 141 1769; x_wconf 84' lang='grc'>98.</span> <span class='ocrx_word' id='word_1_91' title='bbox 168 1699 366 1767; x_wconf 78' lang='lat' dir='ltr'>Ccrbes&#39;eresee</span> <span class='ocrx_word' id='word_1_92' title='bbox 387 1700 522 1767; x_wconf 80' lang='lat' dir='ltr'>stulds&#39;</span> <span class='ocrx_word' id='word_1_93' title='bbox 543 1702 676 1767; x_wconf 75' lang='lat' dir='ltr'>reditum</span> <span class='ocrx_word' id='word_1_94' title='bbox 698 1713 873 1789; x_wconf 69' lang='lat' dir='ltr'>capescant.</span> <span class='ocrx_word' id='word_1_95' title='bbox 1112 1695 1167 1781; x_wconf 69' lang='lat' dir='ltr'>(bb</span> <span class='ocrx_word' id='word_1_96' title='bbox 1184 1698 1251 1781; x_wconf 83' lang='lat'>81.)</span> 
     </span>
    </p>
   </div>
   <div class='ocr_carea' id='block_1_4' title="bbox 74 1830 1340 4253">
    <p class='ocr_par' dir='ltr' id='par_1_5' title="bbox 75 1830 1340 2137">
     <span class='ocr_line' id='line_1_13' title="bbox 167 1830 1340 1921; baseline 0 -22"><span class='ocrx_word' id='word_1_97' title='bbox 167 1830 294 1899; x_wconf 89' lang='lat' dir='ltr'>Dilecto</span> <span class='ocrx_word' id='word_1_98' title='bbox 316 1834 351 1901; x_wconf 89' lang='lat' dir='ltr'>in</span> <span class='ocrx_word' id='word_1_99' title='bbox 369 1832 494 1901; x_wconf 85' lang='lat' dir='ltr'>Christo</span> <span class='ocrx_word' id='word_1_100' title='bbox 523 1836 608 1921; x_wconf 81' lang='lat' dir='ltr'>patri</span> <span class='ocrx_word' id='word_1_101' title='bbox 635 1840 667 1901; x_wconf 89' lang='lat' dir='ltr'>st</span> <span class='ocrx_word' id='word_1_102' title='bbox 689 1834 817 1901; x_wconf 91' lang='lat' dir='ltr'>domino</span> <span class='ocrx_word' id='word_1_103' title='bbox 839 1852 896 1901; x_wconf 89' lang='lat' dir='ltr'>suo</span> <span class='ocrx_word' id='word_1_104' title='bbox 912 1830 1057 1901; x_wconf 85' lang='lat' dir='ltr'>Wibaldo</span> <span class='ocrx_word' id='word_1_105' title='bbox 1080 1830 1253 1900; x_wconf 85' lang='lat' dir='ltr'>venerabili</span> <span class='ocrx_word' id='word_1_106' title='bbox 1270 1834 1340 1891; x_wconf 80' lang='lat'>1148</span> 
     </span>
     <span class='ocr_line' id='line_1_14' title="bbox 76 1946 1252 2037; baseline 0.002 -22"><span class='ocrx_word' id='word_1_107' title='bbox 76 1946 265 2016; x_wconf 78' lang='lat' dir='ltr'>corbeiensi</span> <span class='ocrx_word' id='word_1_108' title='bbox 293 1948 399 2017; x_wconf 91' lang='lat' dir='ltr'>abbati</span> <span class='ocrx_word' id='word_1_109' title='bbox 426 1951 541 2017; x_wconf 89' lang='lat' dir='ltr'>fratres</span> <span class='ocrx_word' id='word_1_110' title='bbox 570 1949 768 2019; x_wconf 82' lang='lat' dir='ltr'>Gorbciensis</span> <span class='ocrx_word' id='word_1_111' title='bbox 802 1948 972 2017; x_wconf 88' lang='lat' dir='ltr'>aecclesiae</span> <span class='ocrx_word' id='word_1_112' title='bbox 998 1948 1139 2019; x_wconf 88' lang='lat' dir='ltr'>debitam</span> <span class='ocrx_word' id='word_1_113' title='bbox 1165 1949 1252 2037; x_wconf 89' lang='lat' dir='ltr'>patri</span> 
     </span>
     <span class='ocr_line' id='line_1_15' title="bbox 75 2064 931 2137; baseline 0.002 -6"><span class='ocrx_word' id='word_1_114' title='bbox 75 2064 294 2137; x_wconf 88' lang='lat' dir='ltr'>obedientiam</span> <span class='ocrx_word' id='word_1_115' title='bbox 316 2070 348 2133; x_wconf 92' lang='lat' dir='ltr'>et</span> <span class='ocrx_word' id='word_1_116' title='bbox 370 2064 514 2133; x_wconf 79' lang='lat' dir='ltr'>dsuetmn</span> <span class='ocrx_word' id='word_1_117' title='bbox 537 2068 714 2135; x_wconf 87' lang='lat' dir='ltr'>orationum</span> <span class='ocrx_word' id='word_1_118' title='bbox 736 2067 931 2135; x_wconf 87' lang='lat' dir='ltr'>instantiam.</span> 
     </span>
    </p>

    <p class='ocr_par' dir='ltr' id='par_1_6' title="bbox 74 2180 1277 4253">
     <span class='ocr_line' id='line_1_16' title="bbox 168 2180 1252 2271; baseline 0 -22"><span class='ocrx_word' id='word_1_119' title='bbox 168 2180 434 2267; x_wconf 76' lang='lat' dir='ltr'>Oougratulamur</span> <span class='ocrx_word' id='word_1_120' title='bbox 461 2183 645 2270; x_wconf 88' lang='lat' dir='ltr'>paternitati</span> <span class='ocrx_word' id='word_1_121' title='bbox 674 2188 813 2268; x_wconf 88' lang='lat' dir='ltr'>vestrae,</span> <span class='ocrx_word' id='word_1_122' title='bbox 844 2183 927 2270; x_wconf 92' lang='lat' dir='ltr'>quod</span> <span class='ocrx_word' id='word_1_123' title='bbox 947 2202 1136 2271; x_wconf 89' lang='lat' dir='ltr'>prosperum</span> <span class='ocrx_word' id='word_1_124' title='bbox 1158 2202 1252 2251; x_wconf 88' lang='lat' dir='ltr'>even·</span> 
     </span>
     <span class='ocr_line' id='line_1_17' title="bbox 74 2297 1252 2386; baseline 0 -21"><span class='ocrx_word' id='word_1_125' title='bbox 74 2303 148 2365; x_wconf 89' lang='lat' dir='ltr'>tum</span> <span class='ocrx_word' id='word_1_126' title='bbox 176 2297 332 2365; x_wconf 86' lang='lat' dir='ltr'>habuistis</span> <span class='ocrx_word' id='word_1_127' title='bbox 358 2298 392 2365; x_wconf 92' lang='lat' dir='ltr'>in</span> <span class='ocrx_word' id='word_1_128' title='bbox 415 2299 639 2386; x_wconf 88' lang='lat' dir='ltr'>componendis</span> <span class='ocrx_word' id='word_1_129' title='bbox 660 2299 727 2386; x_wconf 89' lang='lat' dir='ltr'>bis,</span> <span class='ocrx_word' id='word_1_130' title='bbox 758 2321 838 2386; x_wconf 90' lang='lat' dir='ltr'>quas</span> <span class='ocrx_word' id='word_1_131' title='bbox 859 2300 944 2367; x_wconf 92' lang='lat' dir='ltr'>inter</span> <span class='ocrx_word' id='word_1_132' title='bbox 964 2300 1107 2367; x_wconf 86' lang='lat' dir='ltr'>homiues</span> <span class='ocrx_word' id='word_1_133' title='bbox 1130 2304 1252 2366; x_wconf 72' lang='lat' dir='ltr'>vesum</span> 
     </span>
     <span class='ocr_line' id='line_1_18' title="bbox 75 2414 1252 2505; baseline 0 -22"><span class='ocrx_word' id='word_1_134' title='bbox 75 2414 292 2500; x_wconf 87' lang='lat' dir='ltr'>dissidebant,</span> <span class='ocrx_word' id='word_1_135' title='bbox 321 2420 390 2483; x_wconf 91' lang='lat' dir='ltr'>tum</span> <span class='ocrx_word' id='word_1_136' title='bbox 416 2420 547 2503; x_wconf 89' lang='lat' dir='ltr'>propter</span> <span class='ocrx_word' id='word_1_137' title='bbox 573 2437 630 2483; x_wconf 85' lang='lat' dir='ltr'>vos</span> <span class='ocrx_word' id='word_1_138' title='bbox 652 2422 721 2484; x_wconf 91' lang='lat' dir='ltr'>tum</span> <span class='ocrx_word' id='word_1_139' title='bbox 742 2421 875 2505; x_wconf 90' lang='lat' dir='ltr'>propter</span> <span class='ocrx_word' id='word_1_140' title='bbox 895 2416 1009 2483; x_wconf 67' lang='lat' dir='ltr'>frames</span> <span class='ocrx_word' id='word_1_141' title='bbox 1031 2420 1157 2484; x_wconf 91' lang='lat' dir='ltr'>nostroe</span> <span class='ocrx_word' id='word_1_142' title='bbox 1180 2414 1252 2483; x_wconf 88' lang='lat' dir='ltr'>Ste-</span> 
     </span>
     <span class='ocr_line' id='line_1_19' title="bbox 75 2530 1252 2620; baseline 0 -21"><span class='ocrx_word' id='word_1_143' title='bbox 75 2530 244 2616; x_wconf 87' lang='lat' dir='ltr'>bulsnses,</span> <span class='ocrx_word' id='word_1_144' title='bbox 271 2536 341 2599; x_wconf 92' lang='lat' dir='ltr'>tum</span> <span class='ocrx_word' id='word_1_145' title='bbox 368 2533 464 2600; x_wconf 87' lang='lat' dir='ltr'>etiam</span> <span class='ocrx_word' id='word_1_146' title='bbox 492 2539 623 2620; x_wconf 88' lang='lat' dir='ltr'>propter</span> <span class='ocrx_word' id='word_1_147' title='bbox 645 2554 718 2617; x_wconf 91' lang='lat' dir='ltr'>nos,</span> <span class='ocrx_word' id='word_1_148' title='bbox 747 2533 802 2619; x_wconf 91' lang='lat' dir='ltr'>qui</span> <span class='ocrx_word' id='word_1_149' title='bbox 823 2533 924 2601; x_wconf 85' lang='lat' dir='ltr'>multo</span> <span class='ocrx_word' id='word_1_150' title='bbox 946 2532 1101 2600; x_wconf 88' lang='lat' dir='ltr'>desiderio</span> <span class='ocrx_word' id='word_1_151' title='bbox 1122 2552 1252 2619; x_wconf 86' lang='lat' dir='ltr'>presen-</span> 
     </span>
     <span class='ocr_line' id='line_1_20' title="bbox 74 2648 1252 2736; baseline 0.002 -20"><span class='ocrx_word' id='word_1_152' title='bbox 74 2648 159 2716; x_wconf 90' lang='lat' dir='ltr'>tiam</span> <span class='ocrx_word' id='word_1_153' title='bbox 182 2653 322 2716; x_wconf 84' lang='lat' dir='ltr'>uestram</span> <span class='ocrx_word' id='word_1_154' title='bbox 344 2654 554 2736; x_wconf 84' lang='lat' dir='ltr'>expectamus.</span> <span class='ocrx_word' id='word_1_155' title='bbox 590 2650 671 2729; x_wconf 82' lang='lat' dir='ltr'>Quia</span> <span class='ocrx_word' id='word_1_156' title='bbox 690 2650 808 2718; x_wconf 88' lang='lat' dir='ltr'>etenim</span> <span class='ocrx_word' id='word_1_157' title='bbox 822 2670 878 2717; x_wconf 88' lang='lat' dir='ltr'>vce</span> <span class='ocrx_word' id='word_1_158' title='bbox 892 2655 930 2716; x_wconf 91' lang='lat' dir='ltr'>ut</span> <span class='ocrx_word' id='word_1_159' title='bbox 942 2654 1068 2736; x_wconf 89' lang='lat' dir='ltr'>petrem</span> <span class='ocrx_word' id='word_1_160' title='bbox 1081 2648 1252 2733; x_wconf 75' lang='lat' dir='ltr'>diligimus,</span> 
     </span>
     <span class='ocr_line' id='line_1_21' title="bbox 75 2764 1254 2853; baseline -0.003 -19"><span class='ocrx_word' id='word_1_161' title='bbox 75 2786 207 2853; x_wconf 89' lang='lat' dir='ltr'>semper</span> <span class='ocrx_word' id='word_1_162' title='bbox 241 2770 420 2853; x_wconf 85' lang='lat' dir='ltr'>presentem</span> <span class='ocrx_word' id='word_1_163' title='bbox 452 2764 568 2835; x_wconf 88' lang='lat' dir='ltr'>habere</span> <span class='ocrx_word' id='word_1_164' title='bbox 598 2765 766 2851; x_wconf 81' lang='lat' dir='ltr'>vellemus,</span> <span class='ocrx_word' id='word_1_165' title='bbox 800 2770 850 2834; x_wconf 90' lang='lat' dir='ltr'>set</span> <span class='ocrx_word' id='word_1_166' title='bbox 877 2765 1026 2852; x_wconf 90' lang='lat' dir='ltr'>quoniam</span> <span class='ocrx_word' id='word_1_167' title='bbox 1053 2765 1254 2853; x_wconf 82' lang='lat' dir='ltr'>providentia</span> 
     </span>
     <span class='ocr_line' id='line_1_22' title="bbox 74 2880 1252 2969; baseline -0.002 -20"><span class='ocrx_word' id='word_1_168' title='bbox 74 2886 188 2951; x_wconf 85' lang='lat' dir='ltr'>vestra</span> <span class='ocrx_word' id='word_1_169' title='bbox 215 2882 255 2949; x_wconf 90' lang='lat' dir='ltr'>ad</span> <span class='ocrx_word' id='word_1_170' title='bbox 284 2882 455 2949; x_wconf 90' lang='lat' dir='ltr'>multorum</span> <span class='ocrx_word' id='word_1_171' title='bbox 482 2882 736 2969; x_wconf 86' lang='lat' dir='ltr'>procurationem</span> <span class='ocrx_word' id='word_1_172' title='bbox 765 2888 888 2969; x_wconf 91' lang='lat' dir='ltr'>spectat</span> <span class='ocrx_word' id='word_1_173' title='bbox 915 2886 949 2949; x_wconf 90' lang='lat' dir='ltr'>et</span> <span class='ocrx_word' id='word_1_174' title='bbox 968 2881 1040 2948; x_wconf 90' lang='lat' dir='ltr'>ideo</span> <span class='ocrx_word' id='word_1_175' title='bbox 1063 2880 1139 2949; x_wconf 89' lang='lat' dir='ltr'>solis</span> <span class='ocrx_word' id='word_1_176' title='bbox 1159 2880 1252 2947; x_wconf 89' lang='lat' dir='ltr'>nobis</span> 
     </span>
     <span class='ocr_line' id='line_1_23' title="bbox 74 2998 1250 3086; baseline 0.003 -21"><span class='ocrx_word' id='word_1_177' title='bbox 74 2998 245 3067; x_wconf 83' lang='lat' dir='ltr'>intendere</span> <span class='ocrx_word' id='word_1_178' title='bbox 267 3017 466 3085; x_wconf 89' lang='lat' dir='ltr'>nequaquam</span> <span class='ocrx_word' id='word_1_179' title='bbox 488 3004 609 3086; x_wconf 91' lang='lat' dir='ltr'>potest,</span> <span class='ocrx_word' id='word_1_180' title='bbox 633 3000 833 3067; x_wconf 89' lang='lat' dir='ltr'>obsecramus</span> <span class='ocrx_word' id='word_1_181' title='bbox 854 3000 1081 3086; x_wconf 83' lang='lat' dir='ltr'>paternitatem</span> <span class='ocrx_word' id='word_1_182' title='bbox 1100 3001 1250 3081; x_wconf 72' lang='lat' dir='ltr'>usuam,</span> 
     </span>
     <span class='ocr_line' id='line_1_24' title="bbox 74 3114 1252 3204; baseline 0.001 -23"><span class='ocrx_word' id='word_1_183' title='bbox 74 3120 112 3183; x_wconf 87' lang='lat' dir='ltr'>ut</span> <span class='ocrx_word' id='word_1_184' title='bbox 136 3114 252 3183; x_wconf 88' lang='lat' dir='ltr'>saltem</span> <span class='ocrx_word' id='word_1_185' title='bbox 273 3120 346 3201; x_wconf 89' lang='lat' dir='ltr'>post</span> <span class='ocrx_word' id='word_1_186' title='bbox 368 3114 484 3183; x_wconf 91' lang='lat' dir='ltr'>multos</span> <span class='ocrx_word' id='word_1_187' title='bbox 507 3116 584 3201; x_wconf 89' lang='lat' dir='ltr'>dies,</span> <span class='ocrx_word' id='word_1_188' title='bbox 608 3117 721 3203; x_wconf 88' lang='lat' dir='ltr'>quibus</span> <span class='ocrx_word' id='word_1_189' title='bbox 742 3117 904 3204; x_wconf 88' lang='lat' dir='ltr'>presentia</span> <span class='ocrx_word' id='word_1_190' title='bbox 924 3120 1032 3183; x_wconf 69' lang='lat' dir='ltr'>sesua</span> <span class='ocrx_word' id='word_1_191' title='bbox 1053 3135 1127 3199; x_wconf 77' lang='lat' dir='ltr'>egre</span> <span class='ocrx_word' id='word_1_192' title='bbox 1149 3114 1252 3182; x_wconf 88' lang='lat' dir='ltr'>carui·</span> 
     </span>
     <span class='ocr_line' id='line_1_25' title="bbox 74 3230 1277 3332; baseline 0 -33"><span class='ocrx_word' id='word_1_193' title='bbox 74 3252 166 3315; x_wconf 87' lang='lat' dir='ltr'>mus,</span> <span class='ocrx_word' id='word_1_194' title='bbox 195 3231 300 3299; x_wconf 88' lang='lat' dir='ltr'>redire</span> <span class='ocrx_word' id='word_1_195' title='bbox 323 3230 365 3299; x_wconf 86' lang='lat' dir='ltr'>ad</span> <span class='ocrx_word' id='word_1_196' title='bbox 385 3253 444 3301; x_wconf 95' lang='lat' dir='ltr'>nos</span> <span class='ocrx_word' id='word_1_197' title='bbox 466 3253 530 3299; x_wconf 91' lang='lat' dir='ltr'>non</span> <span class='ocrx_word' id='word_1_198' title='bbox 553 3232 713 3318; x_wconf 88' lang='lat' dir='ltr'>abnuatis,</span> <span class='ocrx_word' id='word_1_199' title='bbox 737 3234 872 3300; x_wconf 85' lang='lat' dir='ltr'>seientes</span> <span class='ocrx_word' id='word_1_200' title='bbox 894 3232 1006 3320; x_wconf 91' lang='lat' dir='ltr'>procul</span> <span class='ocrx_word' id='word_1_201' title='bbox 1027 3232 1136 3316; x_wconf 92' lang='lat' dir='ltr'>dubio,</span> <span class='ocrx_word' id='word_1_202' title='bbox 1167 3230 1251 3317; x_wconf 92' lang='lat' dir='ltr'>quod</span> <span class='ocrx_word' id='word_1_203' title='bbox 1275 3321 1277 3332; x_wconf 37' lang='grc' dir='ltr'>Ι</span> 
     </span>
     <span class='ocr_line' id='line_1_26' title="bbox 74 3348 1252 3438; baseline -0.002 -21"><span class='ocrx_word' id='word_1_204' title='bbox 74 3349 243 3435; x_wconf 89' lang='lat' dir='ltr'>presentia</span> <span class='ocrx_word' id='word_1_205' title='bbox 263 3352 370 3415; x_wconf 78' lang='lat' dir='ltr'>vestm</span> <span class='ocrx_word' id='word_1_206' title='bbox 391 3368 455 3416; x_wconf 93' lang='lat' dir='ltr'>non</span> <span class='ocrx_word' id='word_1_207' title='bbox 476 3350 581 3417; x_wconf 92' lang='lat' dir='ltr'>minus</span> <span class='ocrx_word' id='word_1_208' title='bbox 604 3370 700 3438; x_wconf 93' lang='lat' dir='ltr'>quam</span> <span class='ocrx_word' id='word_1_209' title='bbox 722 3350 837 3417; x_wconf 82' lang='lat' dir='ltr'>batres</span> <span class='ocrx_word' id='word_1_210' title='bbox 854 3350 956 3416; x_wconf 92' lang='lat' dir='ltr'>nostri</span> <span class='ocrx_word' id='word_1_211' title='bbox 970 3348 1172 3416; x_wconf 87' lang='lat' dir='ltr'>Stabulenses</span> <span class='ocrx_word' id='word_1_212' title='bbox 1186 3348 1252 3415; x_wconf 88' lang='lat' dir='ltr'>iam</span> 
     </span>
     <span class='ocr_line' id='line_1_27' title="bbox 74 3463 1253 3555; baseline 0.001 -24"><span class='ocrx_word' id='word_1_213' title='bbox 74 3466 268 3550; x_wconf 81' lang='lat' dir='ltr'>indigemus.</span> <span class='ocrx_word' id='word_1_214' title='bbox 305 3463 376 3533; x_wconf 89' lang='lat' dir='ltr'>Non</span> <span class='ocrx_word' id='word_1_215' title='bbox 399 3466 445 3533; x_wconf 91' lang='lat' dir='ltr'>sis</span> <span class='ocrx_word' id='word_1_216' title='bbox 468 3467 594 3552; x_wconf 90' lang='lat' dir='ltr'>quidem</span> <span class='ocrx_word' id='word_1_217' title='bbox 615 3468 810 3555; x_wconf 89' lang='lat' dir='ltr'>presentiam</span> <span class='ocrx_word' id='word_1_218' title='bbox 831 3470 971 3534; x_wconf 84' lang='lat' dir='ltr'>uestram</span> <span class='ocrx_word' id='word_1_219' title='bbox 992 3464 1180 3550; x_wconf 84' lang='lat' dir='ltr'>invidemus,</span> <span class='ocrx_word' id='word_1_220' title='bbox 1202 3470 1253 3533; x_wconf 90' lang='lat' dir='ltr'>eet</span> 
     </span>
     <span class='ocr_line' id='line_1_28' title="bbox 74 3580 1251 3666; baseline 0 -17"><span class='ocrx_word' id='word_1_221' title='bbox 74 3582 170 3651; x_wconf 88' lang='lat' dir='ltr'>nobis</span> <span class='ocrx_word' id='word_1_222' title='bbox 200 3581 240 3649; x_wconf 90' lang='lat' dir='ltr'>de</span> <span class='ocrx_word' id='word_1_223' title='bbox 270 3580 412 3650; x_wconf 88' lang='lat' dir='ltr'>absentia</span> <span class='ocrx_word' id='word_1_224' title='bbox 437 3588 545 3651; x_wconf 83' lang='lat' dir='ltr'>uestra</span> <span class='ocrx_word' id='word_1_225' title='bbox 569 3583 704 3651; x_wconf 89' lang='lat' dir='ltr'>muitum</span> <span class='ocrx_word' id='word_1_226' title='bbox 726 3581 937 3651; x_wconf 88' lang='lat' dir='ltr'>condolemus.</span> <span class='ocrx_word' id='word_1_227' title='bbox 971 3582 1053 3661; x_wconf 81' lang='lat' dir='ltr'>Quia</span> <span class='ocrx_word' id='word_1_228' title='bbox 1072 3582 1172 3666; x_wconf 75' lang='lat' dir='ltr'>igitur</span> <span class='ocrx_word' id='word_1_229' title='bbox 1193 3580 1251 3649; x_wconf 91' lang='lat' dir='ltr'>ali-</span> 
     </span>
     <span class='ocr_line' id='line_1_29' title="bbox 77 3696 1252 3786; baseline 0.001 -22"><span class='ocrx_word' id='word_1_230' title='bbox 77 3696 268 3785; x_wconf 88' lang='lat' dir='ltr'>quantulum</span> <span class='ocrx_word' id='word_1_231' title='bbox 294 3718 351 3765; x_wconf 84' lang='lat' dir='ltr'>vos</span> <span class='ocrx_word' id='word_1_232' title='bbox 373 3698 413 3767; x_wconf 88' lang='lat' dir='ltr'>dc</span> <span class='ocrx_word' id='word_1_233' title='bbox 435 3700 534 3786; x_wconf 88' lang='lat' dir='ltr'>ceptis</span> <span class='ocrx_word' id='word_1_234' title='bbox 556 3699 716 3769; x_wconf 90' lang='lat' dir='ltr'>laboribus</span> <span class='ocrx_word' id='word_1_235' title='bbox 740 3699 923 3786; x_wconf 88' lang='lat' dir='ltr'>expeditum</span> <span class='ocrx_word' id='word_1_236' title='bbox 944 3698 1106 3783; x_wconf 90' lang='lat' dir='ltr'>audimus,</span> <span class='ocrx_word' id='word_1_237' title='bbox 1134 3698 1252 3765; x_wconf 91' lang='lat' dir='ltr'>iterum</span> 
     </span>
     <span class='ocr_line' id='line_1_30' title="bbox 77 3816 1252 3903; baseline 0.002 -22"><span class='ocrx_word' id='word_1_238' title='bbox 77 3820 174 3901; x_wconf 89' lang='lat' dir='ltr'>atque</span> <span class='ocrx_word' id='word_1_239' title='bbox 197 3816 315 3881; x_wconf 87' lang='lat' dir='ltr'>iterum</span> <span class='ocrx_word' id='word_1_240' title='bbox 335 3836 494 3901; x_wconf 78' lang='lat' dir='ltr'>rogamus,</span> <span class='ocrx_word' id='word_1_241' title='bbox 518 3817 675 3903; x_wconf 87' lang='lat' dir='ltr'>quatinus,</span> <span class='ocrx_word' id='word_1_242' title='bbox 698 3836 773 3883; x_wconf 85' lang='lat' dir='ltr'>mox</span> <span class='ocrx_word' id='word_1_243' title='bbox 789 3822 825 3883; x_wconf 89' lang='lat' dir='ltr'>ut</span> <span class='ocrx_word' id='word_1_244' title='bbox 840 3816 924 3882; x_wconf 92' lang='lat' dir='ltr'>hunc</span> <span class='ocrx_word' id='word_1_245' title='bbox 943 3816 1095 3883; x_wconf 91' lang='lat' dir='ltr'>nuncium</span> <span class='ocrx_word' id='word_1_246' title='bbox 1110 3819 1252 3883; x_wconf 83' lang='lat' dir='ltr'>vestrum</span> 
     </span>
     <span class='ocr_line' id='line_1_31' title="bbox 76 3930 1251 4018; baseline -0.002 -19"><span class='ocrx_word' id='word_1_247' title='bbox 76 3930 282 4018; x_wconf 82' lang='lat' dir='ltr'>receperitis,</span> <span class='ocrx_word' id='word_1_248' title='bbox 309 3932 348 3997; x_wconf 90' lang='lat' dir='ltr'>de</span> <span class='ocrx_word' id='word_1_249' title='bbox 373 3932 479 4001; x_wconf 88' lang='lat' dir='ltr'>reditu</span> <span class='ocrx_word' id='word_1_250' title='bbox 500 3939 605 4001; x_wconf 82' lang='lat' dir='ltr'>vestro</span> <span class='ocrx_word' id='word_1_251' title='bbox 629 3934 669 4001; x_wconf 90' lang='lat' dir='ltr'>ad</span> <span class='ocrx_word' id='word_1_252' title='bbox 690 3953 749 4001; x_wconf 88' lang='lat' dir='ltr'>nos</span> <span class='ocrx_word' id='word_1_253' title='bbox 772 3932 924 4000; x_wconf 89' lang='lat' dir='ltr'>ordinetis</span> <span class='ocrx_word' id='word_1_254' title='bbox 945 3951 1005 3999; x_wconf 90' lang='lat' dir='ltr'>nec</span> <span class='ocrx_word' id='word_1_255' title='bbox 1025 3930 1107 3999; x_wconf 82' lang='lat' dir='ltr'>filios</span> <span class='ocrx_word' id='word_1_256' title='bbox 1128 3936 1251 3999; x_wconf 84' lang='lat' dir='ltr'>uestros</span> 
     </span>
     <span class='ocr_line' id='line_1_32' title="bbox 76 4046 1251 4137; baseline 0.001 -24"><span class='ocrx_word' id='word_1_257' title='bbox 76 4046 213 4116; x_wconf 88' lang='lat' dir='ltr'>ulterius</span> <span class='ocrx_word' id='word_1_258' title='bbox 244 4047 284 4114; x_wconf 92' lang='lat' dir='ltr'>de</span> <span class='ocrx_word' id='word_1_259' title='bbox 313 4047 456 4117; x_wconf 87' lang='lat' dir='ltr'>absentia</span> <span class='ocrx_word' id='word_1_260' title='bbox 484 4056 590 4117; x_wconf 73' lang='lat' dir='ltr'>umbe</span> <span class='ocrx_word' id='word_1_261' title='bbox 617 4048 716 4135; x_wconf 79' lang='lat' dir='ltr'>affligi</span> <span class='ocrx_word' id='word_1_262' title='bbox 737 4049 940 4137; x_wconf 85' lang='lat' dir='ltr'>permittatis.</span> <span class='ocrx_word' id='word_1_263' title='bbox 976 4048 1092 4117; x_wconf 90' lang='lat' dir='ltr'>Omnes</span> <span class='ocrx_word' id='word_1_264' title='bbox 1114 4066 1195 4134; x_wconf 88' lang='lat' dir='ltr'>pene</span> <span class='ocrx_word' id='word_1_265' title='bbox 1215 4046 1251 4114; x_wconf 92' lang='lat' dir='ltr'>in</span> 
     </span>
     <span class='ocr_line' id='line_1_33' title="bbox 77 4164 1037 4253; baseline 0.001 -20"><span class='ocrx_word' id='word_1_266' title='bbox 77 4164 208 4249; x_wconf 73' lang='lat' dir='ltr'>regione</span> <span class='ocrx_word' id='word_1_267' title='bbox 231 4168 338 4233; x_wconf 76' lang='lat' dir='ltr'>vestm</span> <span class='ocrx_word' id='word_1_268' title='bbox 359 4165 560 4253; x_wconf 89' lang='lat' dir='ltr'>prophetant,</span> <span class='ocrx_word' id='word_1_269' title='bbox 584 4188 639 4235; x_wconf 83' lang='lat' dir='ltr'>uos</span> <span class='ocrx_word' id='word_1_270' title='bbox 661 4166 745 4235; x_wconf 86' lang='lat' dir='ltr'>ultre</span> <span class='ocrx_word' id='word_1_271' title='bbox 765 4187 831 4236; x_wconf 90' lang='lat' dir='ltr'>non</span> <span class='ocrx_word' id='word_1_272' title='bbox 852 4166 1037 4235; x_wconf 87' lang='lat' dir='ltr'>rediturum</span> 
     </span>
    </p>
   </div>
   <div class='ocr_carea' id='block_1_5' title="bbox 150 4408 323 4466">
    <p class='ocr_par' dir='ltr' id='par_1_7' title="bbox 150 4408 323 4466">
     <span class='ocr_line' id='line_1_34' title="bbox 150 4408 323 4466; baseline 0 -1"><span class='ocrx_word' id='word_1_273' title='bbox 150 4411 177 4465; x_wconf 92' lang='lat'>1.</span> <span class='ocrx_word' id='word_1_274' title='bbox 195 4408 266 4466; x_wconf 81' lang='lat' dir='ltr'>Nou.</span> <span class='ocrx_word' id='word_1_275' title='bbox 280 4410 323 4465; x_wconf 82' lang='lat'>18.</span> 
     </span>
    </p>
   </div>
   <div class='ocr_carea' id='block_1_6' title="bbox 0 0 1564 4859">
    <p class='ocr_par' dir='ltr' id='par_1_8' title="bbox 0 0 1564 4859">
     <span class='ocr_line' id='line_1_35' title="bbox 0 0 1564 4859; baseline 0 0"><span class='ocrx_word' id='word_1_276' title='bbox 0 0 1564 4859; x_wconf 95' lang='lat' dir='ltr'> </span> 
     </span>
    </p>
   </div>
  </div>
 </body>
</html>
