3117 4859
385 300 534 349 wmsunr
554 298 742 351 rrmrousn
763 298 818 348 sss.
834 298 889 347 seo.
1154 280 1221 350 41⁷

48 439 297 511 walciodorensi
319 444 525 527 constitutum
554 448 694 511 restam
715 462 791 511 vero
813 438 998 511 aecclesiam
1020 436 1123 510 eidem
1151 462 1222 510 aec·
1275 446 1346 503 115⁰

48 558 165 626 clesiae
187 559 346 627 subditam
369 565 401 628 et
422 561 563 629 eiusdem
584 560 645 628 loci
669 560 783 629 abbate
805 564 983 628 contentam
1006 561 1076 627 esse
1097 520 1389 643 desuem*

47 674 156 743 nullos
178 680 227 744 est
249 678 304 765 qui
319 677 467 762 ambigat.
502 677 567 745 Nos
582 679 690 763 igitur,
714 678 768 765 qui
784 676 824 745 do
837 696 969 744 numero
982 674 1120 743 tiliorum
1134 673 1221 744 Wal-

48 793 243 861 ciodorensis
272 793 420 862 ecelesiae
448 815 571 880 sumus,
606 799 728 863 vestros
762 814 886 882 quoque
912 794 1027 861 iratres
1060 813 1119 860 nos
1153 811 1223 860 osse

48 914 291 996 cognoscentes,
318 910 378 979 hoo
403 910 603 979 universitati
630 917 755 981 vesum
786 911 953 979 consilium
974 910 1146 995 mittimus,
1175 914 1222 994 ut,

49 1026 237 1113 quantocius
259 1028 403 1115 potestis,
426 1028 467 1095 ad
489 1048 601 1116 pacem
623 1033 655 1097 et
676 1029 877 1096 concordiam
899 1047 970 1095 cum
990 1026 1104 1095 abbate
1116 1031 1224 1094 vestro

49 1148 84 1211 ot
104 1144 257 1212 iratribus
276 1145 380 1213 redire
394 1145 560 1231 festinetis,
583 1147 723 1214 contenti
737 1146 963 1213 consuetudine
979 1151 1011 1212 et
1024 1144 1119 1212 rebus
1134 1143 1224 1211 vobis

48 1262 238 1348 tpatsibus
259 1264 373 1329 restris
396 1264 591 1347 coustitutie3
620 1282 721 1350 neque
751 1265 836 1331 enim
861 1262 1008 1331 meliores
1030 1262 1107 1328 estis
1129 1280 1225 1346 quam

47 1382 159 1465 patres
182 1379 290 1445 vestm
326 1378 361 1445 Si
384 1384 490 1447 autem
513 1381 616 1468 primo
634 1378 833 1448 discretionis
855 1385 983 1448 nostrae
1005 1377 1227 1446 consiliumet

47 1494 176 1562 litteras
199 1495 416 1583 accepissetis,
441 1517 639 1584 nequaquem
647 1508 668 1583 ⁸,
691 1502 728 1565 ut
750 1499 922 1582 eredimus,
951 1501 1077 1563 tantum
1098 1513 1226 1583 proces·

49 1610 148 1679 sisset
169 1630 265 1680 causa
286 1617 408 1697 vestra,
437 1634 539 1700 neque
567 1614 644 1681 odor
667 1614 767 1682 bonae
790 1613 947 1701 opinionis
969 1618 1093 1679 vestrae
1114 1630 1226 1679 vorsus

47 1728 166 1797 fuisset
191 1730 227 1796 in
253 1729 394 1797 fetorem
430 1728 563 1816 Quodsi,
593 1731 732 1799 consiliis
761 1730 879 1798 nostris
908 1730 1156 1816 acquiescentes,
1185 1727 1227 1795 ad

47 1848 142 1934 pacis
165 1851 199 1914 st
220 1846 404 1915 concordiae
425 1848 581 1915 unitatem
609 1848 824 1933 tetenderitis,
851 1852 994 1914 nostram
1016 1846 1116 1913 artius
1138 1845 1227 1913 beni-

47 1962 225 2030 uolentiam
252 1964 485 2051 consequemini
512 1969 545 2031 et
572 1963 726 2031 bonorum
754 1963 891 2032 liliorum
914 1967 947 2031 et
966 1963 1102 2031 fratrum
1123 1962 1227 2029 locum

49 2084 85 2147 et
105 2098 225 2147 nomeu
246 2081 332 2169 apud
352 2100 410 2148 uos
433 2080 625 2169 optinebitis.
663 2081 720 2149 Sin
743 2087 858 2168 autem,
881 2082 916 2148 in
935 2085 1044 2148 vestra
1063 2082 1228 2146 manentes

47 2198 240 2285 pertinacia,
262 2198 380 2265 nostris
401 2196 530 2264 monitis
553 2198 731 2266 salubribus
753 2218 818 2265 nou
840 2197 1061 2282 obaudieritis,
1091 2216 1130 2263 ex
1153 2201 1229 2262 tunc

49 2312 93 2381 ud
117 2313 312 2381 audientiam
334 2314 442 2381 domni
468 2333 571 2402 papae
593 2335 650 2383 vos
679 2316 892 2403 appellamus,
922 2321 954 2382 et
975 2314 1060 2380 diem
1082 2312 1172 2380 vobis
1193 2313 1228 2377 in

48 2432 293 2499 cncumoisione
307 2426 454 2498 Domini¹
476 2430 669 2518 prefigimus,
692 2432 740 2499 ita
753 2432 885 2519 paratis,
908 2435 955 2516 ut,
978 2430 1018 2497 de
1041 2429 1154 2514 quibus
1171 2446 1228 2494 ros

48 2548 372 2636 interpellaverimus,
393 2548 485 2616 nobis
507 2548 734 2636 respondeatis.

51 2778 147 2851 290.
168 2780 326 2848 Wiboldos
341 2807 361 2847 a
378 2782 535 2871 Stepbooo
552 2782 695 2870 episcopo
712 2780 844 2847 Metemi
857 2782 948 2868 petit,
971 2791 1006 2845 at
1021 2778 1231 2845 Hostes-lenset

171 2898 313 2964 ecclesiae
335 2899 577 2965 Wolcs'odorestsi
594 2920 710 2985 parere
733 2908 831 2985 ceput.
1067 2890 1122 2977 (M.
1139 2892 1230 2975 271.)

146 3030 329 3099 Reverendo
352 3032 436 3118 patri
460 3052 516 3098 suo
538 3035 570 3097 et
591 3030 716 3097 domino
734 3028 920 3118 Sltephano)
937 3033 1064 3096 sanctae
1079 3027 1229 3096 Meteusis
1284 3037 1355 3094 1150

50 3148 210 3218 ecclesiae
224 3147 396 3215 venerabili
412 3147 558 3235 episcopo
574 3148 672 3215 frater
686 3144 876 3230 Wlibeldus)
892 3145 954 3213 Dei
968 3145 1072 3231 gratia
1085 3145 1129 3230 id,
1147 3144 1230 3231 quod
1239 3111 1399 3172 *ww

50 3272 106 3334 ost
120 3266 158 3331 in
176 3264 328 3332 aecclesia
347 3262 510 3349 catholica,
526 3264 656 3349 exiguas
673 3264 830 3331 orationes
846 3268 878 3329 et
893 3262 1041 3330 devotum
1056 3262 1229 3330 servitium.
1322 3299 1335 3311 .

148 3379 259 3467 Novit,
288 3380 459 3448 reverende
487 3386 593 3468 pater,
622 3385 729 3448 vestra
754 3379 939 3469 prudentia,
967 3381 1051 3466 quod
1074 3380 1114 3448 ab
1135 3379 1231 3446 inicio

50 3498 237 3567 dilectionis
259 3502 393 3583 vestrae,
417 3517 509 3583 quam
531 3496 623 3565 nobis
639 3496 840 3564 familiariter
854 3496 966 3564 offerre
981 3498 1129 3582 dignatus
1144 3497 1231 3581 estis,

50 3616 182 3685 sincere
204 3614 351 3682 karitatis
375 3612 489 3681 affectu
510 3632 566 3680 vos
591 3617 622 3679 et
643 3618 750 3679 vestra
772 3613 880 3680 omnia
901 3614 1070 3681 dileximus
1093 3617 1140 3698 et,
1162 3612 1233 3679 ubi-

51 3750 184 3818 cunque
205 3730 346 3799 locorum
357 3730 495 3816 'ierimus
518 3729 630 3796 honori
647 3748 801 3816 personne
824 3736 856 3797 et
872 3729 1021 3798 ecclesiae
1036 3735 1159 3797 restrae
1173 3746 1232 3816 pro

50 3846 189 3917 modulo
215 3852 323 3915 nostro
347 3846 515 3915 astitimus.
553 3845 603 3912 Ea
630 3843 819 3913 confidentia
844 3848 1067 3934 paternitatem
1094 3851 1233 3913 vestram

50 3965 185 4055 precari
209 3966 359 4032 sudemus
387 3970 419 4032 et
441 3968 604 4031 exoratam
631 3982 700 4030 esse
723 3963 936 4050 deposcimus,
966 3965 1113 4050 quatinus
1136 3961 1234 4029 ecole-

52 4084 143 4152 siam
154 4080 451 4166 walciodorensem,
468 4101 548 4168 quae
562 4079 653 4147 nobis
664 4079 865 4165 naufragium
880 4080 990 4147 mundi
1004 4079 1097 4146 huius
1111 4078 1234 4162 lugien-

52 4198 147 4269 tibus
175 4196 320 4268 habitum
344 4197 562 4267 monachicum
584 4193 715 4284 induit',
744 4197 779 4265 in
806 4218 865 4265 sua
890 4196 1018 4264 iusticia
1046 4195 1233 4280 ethonore,

193 4358 206 4390 Θ
304 4377 309 4390 ι

134 4356 160 4487 ἶ.
176 4356 324 4487 mmo.
339 4420 363 4486 1‘.
435 4430 461 4488 2.
479 4444 552 4487 anno
566 4428 633 4487 1117
652 4427 730 4485 biart
746 4428 789 4484 19.
807 4427 842 4484 V.
855 4428 918 4485 Not
932 4425 1039 4484 Stabat
1052 4440 1137 4496 supra
1147 4439 1176 4494 p.
1189 4423 1232 4479 74.

106 4526 189 4581 tant
205 4530 348 4576 Bibliotheca
364 4531 381 4575 1.
987 4526 1021 4581 27
