3117 4859
382 270 531 319 wmsnnr
552 270 739 321 summurn
759 272 813 317 eno.
830 272 885 319 sai.
1156 254 1222 322 339

65 431 157 477 rernm
177 416 262 479 stetu
285 417 318 480 et
338 412 507 481 eeeelesiae
520 418 645 481 vestrae
659 413 844 481 habitudine
860 413 967 500 aliqua
980 413 1070 481 vobis
1084 414 1222 481 scribere
1241 418 1311 474 11⁶⁰

64 529 293 616 supersedimus,
316 550 389 597 eum
405 532 440 597 in
454 530 610 618 proximo,
633 530 667 596 id
682 535 732 598 est
745 531 831 597 eirea
844 528 1096 618 purificationem
1110 530 1222 598 beatas
1250 493 1298 539 ¹⁸²

62 643 168 712 llariae
178 641 195 730 ¹,
218 652 249 713 et
266 646 419 714 adventus
435 648 543 714 domni
556 647 642 731 regis
656 647 696 713 ad
712 652 820 735 partes
834 645 1057 731 Lotburingiae
1073 651 1105 713 et
1118 652 1223 712 vester

63 761 97 827 ed
115 782 169 829 nos
191 763 313 831 reditus
335 770 526 851 expectetur.
600 764 731 831 Interim
754 769 861 832 autem
880 764 1084 849 benignitatis
1098 768 1223 829 vestm

61 879 282 947 mansuetudini
303 880 464 948 humiliter
487 878 711 966 significemus,
734 881 818 967 quod
839 886 970 969 propter
991 880 1137 947 karimtis
1150 880 1222 945 uni-

61 1000 207 1063 tetemet
234 998 386 1083 mabam,
416 1016 512 1084 quam
541 996 581 1063 ad
603 995 826 1065 Gorbeiensem
853 998 1005 1065 babemus
1027 995 1221 1081 aecclesiam,

61 1112 227 1179 remantem
255 1114 296 1179 ad
325 1134 382 1181 noe
409 1114 542 1181 fratrem
569 1117 713 1180 nostrum
741 1112 795 1199 L.,
825 1113 1024 1183 Gorbeiensis
1053 1112 1223 1181 aecclesiae

60 1225 164 1313 lilium,
190 1229 297 1297 debita
318 1230 536 1317 compassione
558 1229 740 1316 collegimus
764 1236 796 1297 et
819 1230 980 1319 aliquanto
1002 1236 1144 1318 tempore
1165 1251 1223 1298 no-

60 1342 169 1411 biseum
192 1345 401 1430 detinuimus3
424 1348 475 1415 cui
498 1347 559 1413 etsi
579 1346 684 1413 minus
707 1347 935 1435 impendimus,
959 1368 1055 1435 quem
1077 1349 1144 1415 eius
1166 1366 1223 1435 po-

59 1463 185 1549 poscerit
211 1466 398 1549 necessitas,
427 1466 533 1531 tumen
561 1463 701 1546 fraterne
728 1464 792 1550 ipsi
815 1464 1020 1551 contulimus,
1050 1464 1134 1551 quod
1155 1465 1224 1552 pati

58 1580 152 1665 potuit
172 1600 280 1647 rerum
302 1588 481 1649 nostrarum
505 1580 672 1664 exiguitas.
717 1578 761 1647 Et
782 1582 948 1668 quoniam,
976 1581 1128 1649 orationis
1149 1586 1223 1648 voto

59 1695 219 1784 completo,
246 1696 286 1763 ad
308 1696 412 1764 locum
433 1696 638 1785 professionis
662 1716 754 1782 suae,
778 1697 819 1764 ad
842 1697 1026 1766 aecclesiam
1049 1718 1129 1783 quae
1151 1717 1224 1763 eum

58 1814 181 1880 nutrivit
209 1818 242 1879 et
270 1812 363 1899 eluit,
392 1814 497 1881 redire
525 1814 696 1901 disposuit,
726 1814 903 1880 sanctitatis
925 1820 1050 1881 sesnes
1072 1814 1224 1902 pietatem

58 1932 167 1997 stante
206 1950 391 2015 exoramus,
429 1931 576 2017 quatinus
613 1930 780 2018 peticionis
817 1934 945 1997 nostrae
978 1932 1159 1999 interventu
1192 1935 1226 1997 et

58 2046 187 2113 omnium
211 2051 356 2113 nostrum
377 2066 436 2133 pro
466 2068 503 2114 eo
529 2046 642 2114 humili
665 2046 879 2114 satisfactione
903 2048 952 2114 ite
973 2068 1099 2115 omnem
1120 2053 1225 2136 prete-

57 2162 104 2229 riti
127 2164 282 2251 temporis
303 2184 420 2231 nexum
442 2164 627 2248 remittatis,
656 2168 693 2230 ut
714 2163 833 2249 absque
854 2164 1008 2248 gravioris
1030 2185 1132 2253 penae
1154 2186 1225 2231 sen-

56 2280 151 2347 teneia
182 2280 320 2347 trabum
353 2300 481 2347 snorum
515 2280 646 2365 collegio
680 2300 752 2348 eum
784 2281 837 2368 pie
865 2281 1049 2347 restituatis.
1103 2280 1226 2348 Sufficit

56 2414 183 2482 namque
207 2398 248 2481 ei,
271 2402 362 2484 pater
384 2397 561 2482 karissime,
586 2397 626 2464 ad
649 2396 790 2465 omnium
812 2416 997 2464 excessuum
1020 2416 1147 2464 suorum
1171 2418 1225 2463 ve-

56 2512 134 2579 nium
161 2512 277 2579 hiemis
305 2513 410 2597 gravis
438 2516 592 2601 asperitas
616 2519 648 2581 et
668 2514 739 2580 riae
761 2513 913 2598 longioris
935 2532 1000 2580 non
1021 2534 1121 2601 parva
1143 2512 1225 2579 diffi-

57 2628 157 2697 cultas.
207 2628 311 2709 Quare
332 2630 448 2697 iterum
470 2634 564 2716 atque
586 2632 703 2697 iterum
725 2629 955 2718 supplicamus,
981 2634 1019 2696 ut
1039 2630 1080 2695 ad
1101 2629 1226 2695 miseri-

57 2746 188 2815 cordium
213 2752 246 2814 et
267 2748 409 2833 requiem
432 2747 462 2813 ei
483 2746 587 2814 valeat
609 2751 737 2815 nostrae
760 2746 926 2834 peticionis
948 2746 1141 2814 intercessio.

58 2974 138 3048 221.
159 2982 325 3047 Anselouos
352 2982 512 3069 mespres
538 2980 792 3068 Haoelbsrpeast's
819 2979 961 3046 Wo‘boldo
987 2980 1166 3066 respondet,
1194 3001 1227 3044 ae

159 3096 376 3183 Haoelberpoe
403 3120 466 3162 esse
495 3120 589 3185 wem
614 3098 649 3161 in
677 3099 766 3162 caria
787 3096 889 3160 malle.
934 3096 986 3160 De
1009 3093 1151 3161 Heieriea‘
1172 3119 1225 3160 ar·

160 3213 349 3300 eMepewpi
373 3212 550 3299 Mopumbei
577 3215 621 3279 od
645 3238 678 3279 se
705 3214 822 3279 tatere.
867 3210 1034 3294 Hortatur,
1061 3222 1097 3276 ut
1122 3234 1227 3299 sepem

160 3329 322 3395 maetods'ot.
1063 3325 1118 3409 (Μ.
1135 3326 1226 3409 235.)

137 3460 310 3545 W(ibaldo)
325 3460 499 3528 venerabili
517 3462 633 3546 abbati,
649 3460 812 3528 carissimo
828 3460 900 3545 eibi,
915 3458 1132 3543 Alnahelmus)
1148 3480 1226 3547 pau·
1245 3480 1315 3536 1150

55 3596 107 3663 por
121 3576 242 3645 Christi
261 3577 418 3643 orationes
434 3578 623 3644 cottidianas
646 3584 678 3644 et
700 3578 884 3663 obsequium
907 3576 1053 3644 cottidie·
1068 3583 1224 3664 paratum.
1249 3556 1312 3602 ¹⁸⁰³

138 3694 321 3778 Carissimo,
345 3694 501 3781 scripsisti
522 3691 618 3761 mibi¹
633 3692 833 3761 familiariter
851 3699 883 3760 et
896 3693 1050 3777 breuiter3
1075 3700 1123 3761 set
1136 3694 1226 3779 mibi,

55 3810 152 3879 multa
174 3812 215 3879 de
237 3814 269 3877 te
293 3815 325 3878 et
347 3810 386 3877 de
408 3831 461 3877 me
483 3810 562 3877 scire
585 3810 713 3895 volenti,
736 3830 838 3897 penca
858 3830 923 3876 non
946 3810 1114 3877 sufficiunt
1156 3809 1226 3876 Uti-

56 3945 124 3994 nam
147 3947 208 4016 per
229 3926 370 3993 triduum
388 3926 503 3995 saltem
518 3926 613 3994 simul
636 3927 825 4011 sederemus,
850 3927 938 3993 etin
960 3927 1065 3993 medio
1083 3930 1226 3992 nostrum
1294 3925 1301 3932 ’

55 4052 157 4112 noster
187 4038 411 4111 cancellarius⁸
438 4043 577 4128 sederet,
604 4049 641 4109 ut
667 4049 778 4110 mutue
801 4042 1006 4110 collocutione
1027 4042 1062 4108 in
1086 4042 1226 4108 omnium

56 4166 197 4229 reorum
225 4162 375 4229 noticiam
397 4161 532 4246 veniret,
563 4160 647 4245 quod
673 4160 789 4245 singuli
811 4161 897 4226 intra
919 4180 954 4227 se
975 4159 1118 4226 clausum
1138 4162 1227 4225 tone-

123 4318 143 4352 t.
164 4306 200 4353 aa'c
215 4322 244 4351 a
260 4316 350 4363 semper
366 4313 486 4350 corrosum
501 4312 536 4351 eat
551 4306 575 4349 ἡ
590 4303 640 4349 eod.

122 4392 147 4446 1.
167 4390 234 4448 cire.
246 4389 327 4447 Febr.
340 4390 366 4445 2.
440 4390 466 4445 2.
484 4388 520 4446 V.
532 4402 576 4459 ep.
588 4390 640 4445 211
659 4402 743 4459 supra
759 4403 788 4458 p.
800 4389 861 4443 280.
933 4388 960 4443 3.
979 4385 1129 4443 Amulius.

956 4484 1015 4543 22*
