3117 4859
396 283 698 332 ouaosocaaruus
720 283 941 333 coasamssrs
1211 269 1254 336 53

88 425 242 511 eognovit3
266 431 323 493 aut
344 427 442 493 etiam
454 423 717 494 Wormatiensem
740 425 903 494 ecclesiam
925 427 960 493 in
974 429 1110 494 transitu
1125 429 1254 498 visitare
1275 437 1344 492 1146

86 563 140 631 pro
161 547 322 630 tempore,
349 543 377 610 si
399 564 523 630 quoquo
545 543 638 610 modo
660 544 781 610 valeret
802 545 1008 631 oportunitati
1031 564 1106 612 suae
1127 566 1253 613 succur-
1270 509 1348 558 ΒΜ

85 681 165 741 rere3
187 680 265 726 uam
288 660 440 727 antisticii
461 659 548 727 locus
570 659 657 727 illius
679 661 868 748 dispositore
890 661 1031 746 vacabat,
1056 662 1131 747 quia
1144 683 1253 730 reeens

86 797 149 843 sors
172 797 245 842 eum
266 778 334 842 iam
356 797 374 844 e
395 776 498 844 vicino
522 776 561 844 de
582 777 686 844 medio
702 777 828 844 tulerat.
862 777 1013 864 Alioquin
1029 783 1060 845 et
1075 778 1116 844 ad
1131 778 1253 845 abbatis

86 899 116 960 et
135 892 375 961 Corbeiensium
397 894 567 961 adventum
581 893 845 960 Fraukenevorde
866 893 1075 962 sustinuisset.
1110 893 1194 980 Egre
1210 895 1253 962 si·
1350 945 1356 960 .

86 1011 210 1096 quidem
230 1010 315 1095 tulit,
339 1011 422 1097 quod
445 1014 477 1078 et
498 1009 566 1076 lieri
580 1011 685 1077 minus
699 1011 816 1093 veluit,
840 1011 915 1096 quia
928 1016 1132 1098 utrarumque
1146 1033 1252 1080 rerum

83 1127 143 1194 iam
156 1127 244 1194 inira
257 1127 484 1215 prelibatarum
499 1128 533 1193 in
548 1132 689 1194 tantum·
703 1147 818 1211 urgens
834 1127 939 1214 ipsum
953 1127 1151 1214 sollicitabat,
1169 1129 1252 1215 quod

82 1244 167 1312 nulla
188 1245 261 1311 viae
282 1243 376 1311 buius
397 1243 590 1309 intermissio
612 1242 673 1310 sibi
695 1243 804 1311 baberi
827 1249 961 1331 poterat

165 1359 213 1428 Ut
240 1365 346 1427 autam
365 1357 562 1426 Winebeim'
583 1365 738 1426 venerunt
759 1361 875 1445 nostri,
905 1361 1049 1427 abbatem
1073 1360 1175 1427 adbuc
1196 1361 1250 1429 ab·
1267 1379 1361 1430 nero

14 1474 15 1479 ’
83 1483 202 1546 auem
225 1476 354 1544 rescisci
376 1480 409 1542 et
430 1475 491 1542 sibi
513 1474 647 1542 electum
664 1497 755 1544 suum
771 1477 806 1542 in
821 1477 983 1544 dominum
998 1478 1119 1562 donari,
1142 1498 1249 1564 aroge

82 1595 272 1681 aliquociens
293 1598 512 1681 poposcerunt.
548 1593 599 1660 Ad
621 1598 685 1660 tres
707 1593 805 1677 igitur
826 1598 900 1680 post
921 1594 1026 1680 ipsum
1040 1595 1147 1681 pueris
1162 1593 1249 1678 sigil-

81 1711 167 1780 latim
190 1711 368 1794 destinatis,
390 1715 550 1797 postremo
572 1710 699 1777 tandem
718 1710 841 1776 tricatis
855 1710 986 1776 morulis
1000 1711 1096 1777 venit
1130 1709 1248 1796 Regem
1265 1726 1321 1776 nse
1329 1729 1357 1776 11

82 1829 178 1896 adivit
201 1827 292 1912 olam,
315 1832 348 1894 et
369 1827 516 1894 obnixius
539 1825 733 1912 efflagitavit,
757 1827 904 1913 quatinus
923 1832 955 1894 et
970 1827 1080 1894 electio
1095 1829 1129 1894 in
1142 1827 1247 1916 ipsum

81 1945 160 2013 faeta
191 1947 382 2028 cassaretur,
411 1944 560 2029 quoniam
588 1943 731 2029 quidem,
760 1948 793 2011 et
814 1943 973 2010 nonnullis
996 1944 1161 2011 sudoribus
1182 1945 1248 2010 iam

80 2083 156 2152 pene
186 2061 228 2130 ad
254 2079 437 2148 supremum
466 2059 652 2144 exhaustus,
684 2059 888 2148 amplioribus
916 2059 1122 2127 nullomodo
1151 2061 1249 2128 inseri

14 2264 15 2275 ἵ
80 2184 249 2268 peteretur.
282 2175 352 2244 Rex
374 2196 449 2260 ergo
470 2175 627 2261 turbatur,
650 2176 795 2244 abbatem
814 2181 850 2243 ut
864 2176 980 2244 talibm
995 2176 1128 2244 desistat
1141 2177 1249 2244 multi·

80 2297 154 2364 lario
178 2315 217 2362 ao
238 2293 425 2383 suppliciter
446 2297 604 2360 exoratur.
640 2291 696 2359 Set
717 2294 788 2380 iste,
811 2294 879 2361 viso
901 2313 975 2379 rege
998 2294 1185 2361 obstinatius
1209 2293 1248 2362 de

14 2418 15 2457 ³
80 2414 209 2502 broeptis
231 2412 413 2501 persistere,
439 2415 475 2477 ut
497 2409 602 2476 valeat
624 2409 785 2477 decretum
807 2411 874 2479 eius
896 2409 1066 2496 reflectere,
1090 2411 1152 2498 ipsi
1173 2430 1248 2498 pro-

15 2530 16 2579 ἒ
80 2531 239 2615 sternitur,
261 2529 400 2596 lacrimis
422 2528 516 2594 haut⁰
536 2527 669 2594 modicis
692 2528 879 2614 aspergitur,
902 2529 1059 2596 senariam
1081 2527 1248 2615 profectio-

15 2622 16 2645 ἶ
79 2667 148 2714 nem
171 2646 214 2712 ad
234 2643 378 2711 Romana
397 2645 503 2711 menia
524 2663 583 2730 pro
605 2642 694 2728 regia
714 2641 952 2710 honorificentia
971 2649 1013 2729 et,
1036 2665 1096 2730 que
1110 2644 1247 2731 iamper

80 2763 213 2830 sedecim
239 2757 402 2849 tempora¹
422 2759 562 2847 prelatus
589 2759 756 2847 pertulerit
780 2761 994 2846 repugnancia
1019 2759 1192 2826 multitaria
1214 2765 1246 2826 et

16 2892 17 2907 ¹
80 2881 203 2947 omnino
226 2878 318 2946 valde
340 2877 524 2965 asperrima,
547 2875 830 2959 rememorabatur3
854 2875 984 2964 insuper
1004 2881 1041 2942 ut
1063 2880 1094 2942 et
1116 2875 1245 2942 obtentu

16 3048 17 3051 η
80 2998 176 3081 gratie
197 2995 315 3084 psius,
339 2995 507 3061 dummodo
528 3013 569 3059 ne
592 2991 783 3060 alienaretur
803 2991 971 3079 prolationi
994 2997 1169 3077 consertae,
1192 3011 1244 3058 ro-

16 3126 17 3139 *
79 3113 179 3197 gabat,
203 3111 423 3200 expediretur⁶
439 3131 533 3198 quam
550 3111 733 3178 inserendo·
746 3115 939 3176 oneraretur.
974 3109 1041 3176 Rex
1055 3109 1172 3195 itaque,
1195 3113 1243 3176 ta-

16 3208 17 3295 l
79 3228 156 3297 libus
177 3229 376 3313 sollicitatus,
400 3228 546 3295 mevenit
567 3249 638 3295 eum
654 3246 836 3295 econverso
851 3223 1106 3310 delenificeutius,
1128 3225 1241 3310 locum,

79 3351 209 3434 tempus,
233 3345 480 3434 oportunitatem
503 3345 754 3412 animadvertere
792 3391 1240 3408 .........

80 3626 580 3646 ..........
626 3571 687 3643 tis¹
709 3575 761 3644 die
788 3575 961 3663 suscipiens
985 3573 1094 3642 salutis
1116 3576 1241 3659 signum

17 3686 18 3753 3
80 3695 109 3764 iu
130 3677 295 3785 superlicio
318 3715 447 3763 suarum
468 3695 614 3780 vestium,
637 3693 719 3760 siout
741 3697 790 3760 est
811 3691 908 3760 moris
930 3692 1150 3759 modernorum
1166 3689 1241 3758 dum

145 3881 167 3913 ι
189 3885 220 3913 ιι
238 3865 343 3913 intentio.
404 3865 428 3911 b.
447 3864 575 3912 Wmoblam
597 3881 618 3910 ι.
684 3876 704 3910 a
725 3863 771 3911 bau
791 3881 811 3911 ι.
877 3862 998 3924 dpotins
1017 3861 1129 3910 adduc
1147 3861 1240 3908 sidat.

18 3962 19 4019 ι
80 3959 99 3993 ο.
111 3946 232 3994 much
247 3943 447 4005 (repedatione)
463 3946 582 4008 lagadun
597 3944 692 3992 oldam

18 4050 19 4109 l
146 4052 172 4106 l.
189 4049 208 4105 i.
221 4066 246 4106 e.
264 4065 361 4105 annos.
379 4047 525 4106 wibaldus
536 4049 609 4104 enlm
622 4063 694 4105 anuo
707 4047 778 4103 11³0
788 4044 879 4102 factus
890 4051 951 4103 erat
961 4045 1047 4103 abbas
1059 4041 1237 4101 Stabuleusis.

80 4139 104 4196 t.
120 4155 137 4195 a
152 4155 220 4196 vero
238 4139 318 4196 abest
334 4138 468 4208 Pertains,
485 4136 560 4193 buno
577 4137 669 4193 locum
686 4137 819 4206 supplens
836 4135 889 4191 sio:
913 4135 1073 4207 ,donandus
1091 4147 1140 4189 rex
1158 4170 1237 4187 .....

81 4227 228 4285 dominicae
244 4227 398 4284 nativitatis
404 4226 427 4284 ⁸.
454 4226 507 4294 Qui
524 4227 597 4282 enim
615 4226 669 4282 bor
681 4226 744 4282 loco
756 4226 865 4296 signum
878 4224 968 4280 oruois
979 4221 1132 4291 suscepisse
1144 4219 1238 4290 fertur,

82 4318 192 4374 eundem
208 4319 328 4390 legimus
345 4321 409 4386 post
425 4316 508 4385 paulo
525 4315 630 4371 Fuldae
652 4313 699 4371 die
715 4315 752 4370 29
773 4315 832 4370 lau.
846 4313 915 4369 1147
933 4329 950 4369 a
966 4309 1095 4368 wibaldo
1117 4310 1238 4386 petiisse,

82 4413 111 4465 ιιι
124 4423 235 4480 ,moun
253 4406 392 4470 Romanu
410 4405 504 4482 apices
520 4403 682 4468 suasor.
709 4402 752 4468 Gt
769 4401 842 4463 lutra
858 4417 887 4480 p.
899 4402 935 4465 54
952 4406 1010 4466 not
1021 4401 1048 4465 3.
