3117 4859
328 260 395 330 686
661 279 811 329 umam
830 279 1018 330 memnones
1036 279 1159 328 uasa.

223 426 312 550 [Eupo
329 421 376 488 tui
399 422 563 490 devotione
585 422 653 491 sino
675 423 870 492 dubitatione
891 423 998 511 aliqua
1018 427 1126 492 tenere
1138 424 1305 512 possimus
1337 421 1494 492 Datala

328 539 430 606 terami
455 540 497 605 14
516 538 585 608 Kal.
607 539 780 609 Februarii

329 811 419 884 455.
436 817 653 884 Wicbmuoous
671 817 919 906 archiepiscopus
932 817 1206 904 Mapdedurpenais
1220 818 1364 882 Adsiduo
1375 815 1497 904 IVpo·

436 958 499 1022 pac
515 936 679 1026 eipuificot,
702 935 740 1000 de
753 933 889 999 Wibuldi
905 945 934 1000 et
946 931 1087 1020 Pbt'lipps'
1102 935 1236 1020 episcopi
1251 931 1499 1019 Omabnspemis

440 1052 644 1116 condocersio
666 1051 744 1138 quid
764 1060 865 1115 actum
886 1052 933 1114 sit.
1333 1045 1497 1127 (11422.)

228 1191 296 1248 115⁷
416 1182 558 1250 Adriano
579 1183 641 1250 Dei
668 1182 771 1268 gratia
798 1186 924 1249 sanctae
945 1179 1104 1249 Romanae
1127 1180 1295 1249 aecclesiae
1317 1201 1447 1247 summo
1469 1186 1498 1247 et

221 1268 312 1376 ffis
328 1300 421 1384 digne
440 1299 610 1367 reverendo
632 1297 773 1386 pontifici
788 1296 1037 1381 W(iahmannus)
1052 1296 1327 1382 Magdeburgensis
1351 1297 1498 1385 provisor

326 1417 454 1484 humilis
476 1422 543 1483 tam
557 1415 767 1482 voluntariam
790 1435 883 1502 quam
906 1413 1043 1481 debitam
1066 1414 1275 1482 obedientiam
1290 1432 1365 1480 cum
1380 1414 1496 1479 oratio

327 1533 419 1602 nibus
443 1552 480 1600 ao
500 1530 585 1600 fideli
607 1532 744 1599 serddo.

417 1648 519 1736 Super
553 1647 762 1735 querimonia,
797 1667 891 1734 quam
921 1647 1054 1713 domnus
1081 1643 1268 1728 Wlibaldus)
1296 1644 1495 1712 Gorbeiensis

326 1765 514 1834 venerabilis
537 1764 633 1832 abbas
654 1765 804 1832 adversm
819 1763 969 1829 domnum
982 1761 1187 1849 Phtilippum)
1202 1761 1418 1829 venerabilem
1433 1762 1497 1848 epi·

328 1902 457 1969 scopum
481 1880 728 1966 Osenbrugensis
759 1878 908 1946 ecelesiae
934 1878 1029 1946 babet
1054 1899 1112 1966 pro
1139 1878 1327 1964 quibusdam
1355 1878 1496 1962 decimis

327 1998 476 2066 ecclesiae
504 1995 686 2066 (lorboiensi
713 1997 752 2064 ab
775 1994 1085 2080 Osenbrumgensibus
1114 1995 1244 2079 iniuste,
1273 1995 1358 2061 siout
1385 1995 1498 2061 asserit

327 2115 459 2182 domnus
483 2113 590 2200 abbas,
614 2113 738 2198 ablatis,
760 2112 899 2179 iniunxit
915 2111 1005 2179 nobis
1019 2112 1193 2199 paternitas
1208 2116 1324 2196 vestra
1346 2111 1496 2198 quatinus

325 2235 491 2318 utramque
513 2234 638 2317 partem
660 2229 694 2295 in
715 2229 909 2316 presentiam
929 2232 1071 2294 nostram
1093 2247 1292 2295 evocaremus
1312 2232 1356 2311 et,
1379 2229 1496 2294 utrina

327 2368 387 2436 que
409 2347 510 2434 partis
534 2345 648 2412 auditis
672 2343 922 2430 allegationibus,
945 2345 1048 2411 causis
1071 2344 1166 2411 etiam
1187 2344 1261 2410 hino
1282 2347 1316 2410 et
1334 2343 1411 2410 inde
1427 2343 1495 2410 dili·

326 2468 436 2549 genter
451 2463 611 2546 discussis,
630 2459 725 2528 finem
741 2461 881 2529 debitum
895 2465 1003 2528 tantae
1018 2461 1247 2528 controversiae
1261 2460 1494 2547 imponeremus

326 2579 422 2647 (luins
450 2579 499 2645 rei
528 2579 631 2663 gratia
659 2577 773 2645 litteris
803 2577 844 2643 ad
871 2581 1020 2662 utrosque
1047 2576 1175 2644 directis
1202 2571 1324 2642 locum¹
1351 2582 1387 2643 et
1413 2577 1495 2642 diem

326 2689 464 2764 eertum'
478 2695 524 2762 eis
538 2692 765 2782 prefinivimus,
788 2712 847 2761 nec
868 2713 931 2761 non
954 2692 994 2760 ad
1015 2691 1246 2780 cooperandum
1267 2691 1360 2759 nobis
1382 2693 1418 2759 in
1433 2691 1496 2758 dis

325 2813 469 2880 suasione
495 2811 578 2878 tanti
603 2809 725 2895 negocii
753 2808 965 2894 suffraganeos
993 2807 1142 2876 ecelesiae
1170 2813 1297 2876 nostrae
1331 2810 1495 2898 episcopos

326 2928 437 2996 eodem
459 2927 636 2994 ascivimus.
681 2925 777 2993 Venit
798 2925 876 3009 dies,
899 2926 1041 2992 venimus
1064 2930 1097 2992 et
1116 2945 1175 2991 nos
1197 2944 1269 2991 cum
1289 2925 1445 2993 fratribus
1466 2931 1497 2993 et

326 3045 519 3132 coepiscopis
546 3043 664 3112 uostris
693 3041 733 3108 ad
760 3040 865 3108 locum
886 3035 1095 3129 prefinitum,
1123 3041 1256 3108 domnus
1280 3041 1377 3108 etiam
1400 3042 1495 3109 abbas

326 3180 397 3228 cum
425 3159 557 3227 eeclesia
583 3179 641 3225 sua
663 3156 845 3225 Gorbeiensi
871 3157 1062 3245 precandam
1089 3177 1180 3224 suam
1201 3155 1292 3223 nobis
1315 3158 1496 3225 obedienter

326 3276 461 3358 exibuit3
486 3273 571 3342 aolus
594 3296 633 3341 ex
657 3273 812 3360 omnibus,
835 3275 890 3361 qui
907 3275 1010 3340 vocati
1031 3273 1165 3359 fuerant,
1189 3273 1322 3340 domnus
1338 3273 1496 3342 Osenbru-

326 3391 430 3478 gensis
452 3411 515 3458 non
539 3389 643 3478 affuit,
666 3392 744 3458 duos
767 3397 875 3458 tamen
896 3411 936 3456 ex
957 3389 1114 3456 canonicis
1137 3388 1287 3456 ecclesiae
1308 3411 1387 3457 snae
1409 3391 1497 3473 T(bi-

326 3508 477 3591 dericum)
501 3513 534 3574 et
548 3507 785 3591 Theth(ardum)
808 3508 938 3574 nuncios
961 3525 1019 3592 pro
1042 3527 1076 3572 se
1097 3505 1193 3572 misit.
1224 3505 1361 3572 Ventum
1385 3512 1434 3573 eat
1457 3507 1498 3573 ad

326 3645 463 3710 musam,
486 3623 568 3692 lecta
591 3629 638 3690 est
659 3623 704 3692 ibi
727 3623 869 3690 seriatim
883 3621 1118 3690 (lorbeiensium
1142 3621 1347 3708 querimonia,
1369 3643 1435 3689 non
1458 3623 1496 3689 de

325 3761 422 3826 novo,
445 3761 509 3808 non
530 3742 569 3809 de
591 3739 725 3826 nichilo,
749 3740 831 3807 sieut
852 3738 987 3823 intelligi
1010 3737 1153 3824 dabatur,
1176 3743 1294 3824 exona,
1318 3743 1368 3806 set
1390 3759 1496 3806 eoram

326 3858 461 3926 dominis
484 3878 520 3924 ae
541 3856 684 3946 patribus
706 3856 824 3923 nostris
839 3856 989 3923 Romania
1006 3853 1205 3943 pontificibus
1221 3875 1260 3922 ex
1276 3856 1406 3941 antiqno
1421 3876 1496 3922 ven-

397 4036 422 4090 1.
444 4031 658 4103 Marseburgum.
736 4034 762 4088 2.
787 4031 862 4089 d28
878 4033 937 4088 lan,
950 4031 1028 4088 1157.
1098 4031 1126 4089 d
1150 4031 1215 4090 Vudi
1230 4030 1406 4102 Bmubergae
1421 4031 1494 4102 apud

325 4120 506 4196 professorem
531 4123 567 4179 de
584 4122 697 4180 Reiders
715 4121 837 4178 tabulam
854 4121 1028 4179 wichmanni
1050 4120 1259 4194 archiepiscopi,
1282 4120 1377 4177 &tam
1393 4121 1494 4176 llerse

324 4211 406 4282 burgi
423 4211 452 4266 in
468 4213 588 4282 generali
604 4212 718 4268 concilio
734 4211 779 4268 die
797 4212 833 4267 24
843 4211 961 4267 hnuarii
978 4226 1003 4266 a
1017 4211 1085 4266 1157
1100 4210 1192 4266 indict
1204 4211 1236 4284 53
1255 4225 1311 4280 qua
1323 4215 1396 4265 toste
1412 4211 1493 4265 inter

326 4297 436 4356 ioonmt
453 4299 559 4372 synodo
577 4301 696 4372 episcopi
713 4301 755 4358 hi:
774 4301 920 4370 Gemngus
933 4300 1085 4370 Mbnemia,
1103 4298 1238 4356 Iohannes
1250 4297 1491 4369 limaebnrgens'u,

326 4387 489 4445 Bertlsoldus
501 4388 724 4463 Numburgsnsls,
732 4389 863 4448 wikerus
870 4388 1151 4461 Brundenburgensia
1162 4387 1243 4447 wan
1253 4387 1491 4460 mesoaga
