3117 4859
340 255 407 324 496
673 272 823 322 umnam
842 271 1031 321 muroena
1049 272 1104 320 aer.
1120 271 1175 320 ιιι.

252 421 321 477 1152
340 435 457 503 papae,
483 416 518 481 in
539 415 627 482 cuius
650 414 807 500 legatione
829 435 954 499 sumus,
976 415 1155 482 reuerentia
1175 419 1209 482 et
1228 434 1288 502 pro
1309 419 1415 481 nostm
1434 433 1507 502 pff·

256 495 434 620 Febp'etuo
468 532 596 599 servitio
629 532 800 619 optinendo
828 550 922 616 agere
948 531 989 597 de
1016 532 1080 598 ista
1106 533 1322 598 controversia
1348 529 1507 612 dilienffi,

341 646 439 714 donoc
461 647 502 714 ad
517 667 573 716 vos
588 649 656 716 Deo
679 649 812 716 ducente
833 650 1063 736 pervenientes,
1087 648 1218 714 oonsilio
1241 647 1402 731 abbatum,
1423 647 1509 712 ride·

340 763 414 832 licet
436 763 696 850 Gcmblaconsis·,
725 765 934 851 Florinonsis,
955 765 1139 850 Lobiensis,
1162 753 1393 848 Floraffiensis,
1414 762 1512 830 llalo-

339 881 473 966 niensis,
502 901 554 966 oa,
582 901 662 969 qnae
684 883 821 950 suntad
848 902 960 970 pacem
986 885 1155 950 intervos
1182 886 1216 948 ot
1242 881 1361 948 fratroe
1389 883 1513 948 nocuos

339 995 618 1084 walciodorenses,
641 999 727 1085 loqui
749 1005 782 1066 et
803 1021 897 1084 agere
917 999 1087 1067 sedeamus.
1123 997 1194 1064 Non
1209 999 1296 1065 onim
1317 999 1430 1066 medat
1450 997 1513 1063 ιιι-

340 1115 437 1182 orotio
464 1119 584 1200 vana,
618 1117 700 1203 quod
734 1116 854 1203 aliquid
885 1116 1057 1184 incudem
1085 1135 1181 1182 cama
1208 1135 1399 1201 queramus,
1431 1113 1514 1200 qaod

340 1251 445 1299 meum
467 1233 522 1316 sit,
550 1237 599 1298 sot
620 1252 700 1318 quac
721 1232 793 1300 Iesu
815 1232 943 1300 Christi.
988 1232 1032 1300 Et
1052 1237 1189 1299 matrem
1210 1237 1356 1299 nostram
1380 1229 1513 1299 Walcio·

340 1348 504 1416 dorensem
533 1349 714 1416 aecclesiam
737 1348 849 1416 violari
877 1355 910 1417 Θι
936 1349 1083 1416 imminui
1108 1369 1173 1415 non
1194 1347 1347 1416 debemus
1370 1349 1441 1435 pati
1461 1355 1514 1413 aut

339 1485 516 1554 possumus,
539 1466 662 1533 etiamsi
677 1485 803 1532 omnem
817 1466 1036 1550 substantiam,
1055 1486 1151 1552 quam
1164 1465 1330 1554 possidere
1344 1467 1513 1547 cernimur,

340 1602 398 1670 pro
421 1583 531 1650 eadem
553 1602 648 1652 causa
670 1582 847 1672 expendero
868 1581 1063 1651 haberemus.

342 1818 430 1892 368.
450 1823 709 1891 Wulcc‘odcrenaec
727 1823 901 1892 Wibcldcm
922 1837 1043 1913 rogarat,
1065 1850 1106 1891 ae
1126 1828 1267 1912 ι’ριοηιιιι
1283 1827 1449 1891 accam
1463 1847 1514 1889 ae·

450 1943 552 2028 cipere
575 1943 698 2008 ubuum.
1350 1938 1513 2021 (91.349.)

253 2086 323 2142 1152
427 2073 649 2141 Doctrinat
601 2075 658 2141 tot’
649 2095 698 2141 rus
720 2073 937 2161 prudentiae
927 2074 1045 2159 maigni
1066 2074 1181 2142 domno
1203 2071 1397 2159 W(ibaldo),
1423 2073 1513 2141 abba·

274 2160 408 2257 ebr'tum
436 2191 576 2276 egregie,
604 2190 753 2257 consolat
730 2191 825 2257 tronis
848 2211 924 2258 suae
947 2193 1087 2258 esuriens
1109 2191 1310 2277 prudentiam
1333 2189 1514 2257 Waloiodo

338 2308 478 2373 rensium
500 2313 680 2392 conventus,
704 2308 868 2394 utriusque
887 2308 971 2375 ritae
993 2307 1216 2376 iocunditatem
1239 2328 1299 2394 per
1319 2307 1514 2375 moderatio·

339 2444 412 2492 nom
434 2443 541 2490 sacrae
564 2424 806 2511 dispensationis
830 2424 1004 2510 adquirere.

428 2539 612 2608 Venerando
634 2546 725 2628 pater
747 2546 779 2607 Θι
801 2541 941 2626 domine,
965 2539 1114 2608 destituto
1137 2561 1230 2624 grege
1252 2544 1362 2606 nostro
1385 2541 1441 2627 pii
1461 2561 1514 2628 pa-

340 2649 451 2725 storis¹
478 2656 605 2742 solatio,
641 2657 707 2724 eius
735 2656 817 2724 ovile
844 2657 1002 2732 morsibus
1030 2656 1238 2744 plurimorum
1264 2657 1514 2744 cusamquaque

339 2774 530 2841 unanimiter
544 2772 744 2840 latrantiuml
760 2775 872 2860 patuit.
896 2773 1043 2861 Metaque
1056 2774 1148 2840 istius
1159 2774 1296 2860 impetus
1306 2773 1516 2841 vehementer

340 2891 498 2976 commoti,
521 2890 630 2977 procul
652 2889 747 2957 dubio
762 2891 977 2975 cognoscimus
991 2890 1108 2958 talibus
1121 2889 1254 2975 inditiis,
1277 2886 1435 2977 qnoniam
1452 2893 1514 2958 aas

340 3006 451 3074 mortis
474 3026 600 3074 occasus
623 3010 749 3074 nostrae
772 3008 834 3075 crit
855 3007 1057 3076 desolationis
1079 3013 1218 3092 eventus,
1242 3008 1305 3073 nisi
1326 3009 1515 3094 periclitan-

340 3124 425 3190 tibus
459 3122 549 3190 nobis
582 3127 705 3190 restae
737 3125 924 3211 prudentiae
956 3145 1086 3213 presens
1119 3124 1255 3191 adfuerit
1285 3125 1513 3194 consolationis

339 3245 459 3329 portus.
505 3239 573 3307 Hac
598 3239 705 3326 itaque
731 3241 978 3308 conturbationis
1000 3241 1215 3308 controversia
1234 3241 1411 3327 pavefacti,
1443 3249 1515 3330 post

340 3355 444 3424 Deum
470 3357 597 3442 eiusque
625 3356 826 3443 genitricem,
853 3357 1068 3426 beatissimam
1088 3357 1234 3424 uidelicet
1258 3355 1415 3443 Mariam,
1446 3360 1514 3447 spei

341 3478 466 3542 nostrae
489 3473 625 3541 anchora
645 3473 679 3541 in
702 3474 774 3541 sinu
796 3479 920 3542 vestroe
942 3474 1164 3542 consolationis
1186 3473 1345 3559 collocata,
1371 3476 1439 3542 sub
1462 3497 1514 3543 ve·

340 3597 476 3660 atrorum
500 3589 621 3658 alarum
642 3591 837 3677 protectione
859 3593 1069 3677 confugimus3
1093 3611 1131 3659 ac
1147 3593 1185 3660 do
1200 3596 1306 3659 vostra
1318 3589 1369 3657 fisi
1383 3593 1515 3677 magni-

339 3707 399 3778 fica
425 3709 557 3797 pietate,
588 3709 733 3794 quatinus
762 3710 802 3776 ab
830 3711 1008 3777 imminenti
1036 3709 1175 3796 periculo
1201 3714 1234 3776 Θι
1259 3729 1317 3775 nos
1343 3711 1376 3774 et
1398 3715 1516 3776 nosue

340 3833 445 3896 resno
467 3824 678 3893 moderamina
699 3825 883 3914 liberentur,
906 3847 962 3894 vos
982 3827 1023 3893 ad
1036 3826 1178 3910 regimen
1191 3826 1368 3892 animarum
1380 3833 1516 3893 nosta-

340 3963 411 4013 ram
437 3942 672 4028 custodiamque
693 3942 927 4016 imminentium
949 3943 1173 4011 adversitatum
1195 3943 1353 4009 communi
1374 3960 1515 4009 msonsu

340 4063 481 4130 omnium
502 4060 537 4127 in
559 4059 704 4127 abbatem
726 4059 887 4146 elegimus.
923 4060 1014 4128 Votis
1036 4060 1134 4144 igitm
1153 4057 1408 4146 precordialibus,
1433 4079 1515 4126 oon-

340 4179 447 4247 silium
467 4182 591 4247 restrae
614 4176 910 4247 amminiculationis
931 4177 1022 4246 uobis
1045 4177 1170 4262 adesse,
1191 4175 1402 4263 deposcimus,
1427 4195 1515 4262 qua-

412 4327 433 4360 a.
455 4311 623 4360 olomucensis
639 4329 657 4358 ι.
721 4311 743 4359 o.
763 4287 894 4360 ιιιηιιιιιι
908 4331 929 4360 ι.

411 4401 437 4457 1.
454 4398 618 4457 Theoderici
635 4397 752 4456 abbatis.
