3117 4859
325 260 392 330 362
658 282 807 331 urnam
827 280 1014 331 semrom
1033 281 1088 329 an.
1105 282 1159 329 aaa

238 430 308 485 1150
325 443 394 491 esse
415 421 574 491 nobilitati
594 429 715 511 resne,
741 429 778 492 ut
798 423 922 493 laboras
944 422 1111 493 Hannonis
1133 424 1240 494 alerici
1260 426 1362 495 vesu-i
1379 426 1489 496 libern-

324 538 397 607 liter
419 540 597 608 stendatis.

326 749 414 825 242.
436 753 597 822 Comedus
612 754 675 823 ΙΙΙ
690 778 747 823 rec
761 753 906 845 Eepenio
921 756 984 825 ΙΙΙ
997 780 1106 847 popae
1119 758 1294 827 amoueo
1306 758 1330 825 I
1340 758 1492 847 orotiepi·

434 893 559 959 coeptura
576 871 793 954 Coloniarum,
811 874 856 939 od
869 896 938 939 mm
952 884 1081 957 mma,
1098 875 1297 941 commendet.
1343 872 1493 956 (tileo.)

236 1010 306 1067 1150
411 1002 624 1071 Dilectissimo
646 1004 681 1073 in
703 1003 829 1073 Christo
850 1006 935 1092 patri
955 1004 1098 1091 Eugenio
1119 1011 1248 1075 emotae
1260 1007 1425 1077 Romnae
1444 1029 1493 1077 ao·

323 1120 437 1189 elesiae
465 1139 587 1187 summo
615 1118 756 1207 pontifici
779 1120 968 1207 cunradus)
989 1122 1050 1191 oei
1077 1124 1181 1208 gratia
1200 1122 1417 1192 Romanorum
1437 1145 1494 1192 rex

323 1243 356 1305 et
382 1256 506 1324 sempor
534 1241 684 1321 suguntur
712 1235 841 1305 filialem
866 1259 925 1326 per
950 1239 1056 1307 omnia
1076 1239 1277 1309 dilectionem
1299 1246 1333 1309 et
1353 1241 1492 1309 debitum

320 1354 356 1421 in
377 1353 513 1421 Domino
534 1354 753 1423 reverentiam.
1146 1396 1151 1407 ‚

409 1470 510 1549 Quam
532 1475 641 1555 gratus
664 1471 707 1537 sit
728 1489 836 1539 sacras
858 1469 957 1539 menti
971 1475 1096 1539 uanae
1117 1471 1246 1541 honoris
1266 1472 1370 1539 nostri
1390 1478 1494 1543 sums

321 1606 359 1657 ao
380 1592 506 1655 nostrae
528 1607 682 1674 personae
704 1588 841 1675 sospitas
863 1588 1014 1674 regnique
1035 1588 1126 1655 nobis
1142 1589 1313 1676 isuperna
1326 1590 1494 1659 maiestate

320 1703 426 1771 collati
447 1723 512 1790 pax
534 1707 627 1789 atque
641 1703 865 1789 tranquillitas,
887 1710 1012 1773 vestrae
1024 1704 1250 1789 magnitudinis
1266 1704 1392 1791 affatus,
1416 1728 1493 1794 quos

319 1825 393 1907 post
413 1819 550 1887 reditum
572 1824 715 1887 nostrum
738 1819 1052 1887 iHierosoiimitana
1074 1820 1274 1907 expeditione
1294 1823 1420 1909 primos
1442 1845 1494 1893 ao·

320 1938 460 2024 cepimus
469 1932 487 2021 ¹,
511 1936 671 2004 evidenter
692 1936 916 2022 patefecerunt
951 1936 1018 2005 Nos
1039 1956 1124 2021 vero,
1147 1937 1218 2024 pari
1240 1938 1325 2005 eirca
1345 1960 1404 2007 uos
1427 1942 1493 2027 pie·

319 2053 394 2121 tatis
422 2053 525 2120 studio
556 2050 700 2138 excitati,
728 2052 867 2137 graviter
894 2057 927 2119 ot
952 2052 1085 2121 moleste
1110 2053 1257 2139 ierimus,
1286 2056 1439 2142 quicquid
1459 2058 1493 2123 in

318 2168 529 2237 uenerabilem
562 2188 730 2255 personam
756 2173 897 2237 usonem
929 2174 962 2237 et
993 2170 1028 2237 in
1054 2190 1106 2237 res
1134 2176 1352 2239 sacrosanctae
1380 2173 1493 2240 matris

319 2289 446 2353 nostrae
468 2284 629 2353 Romanae
651 2284 810 2370 eeclesiae,
833 2286 922 2353 cuius
944 2305 1003 2353 nos
1025 2284 1128 2353 tDso
1151 2286 1330 2355 defensores
1352 2288 1492 2357 ordinau'

318 2422 442 2486 sumus,
471 2422 640 2489 perperam
666 2402 796 2487 geritur.
844 2400 901 2469 Set
926 2402 968 2468 ad
992 2402 1118 2470 eosdem
1139 2408 1264 2471 vestroe
1285 2403 1493 2474 beatitudinis

318 2519 423 2606 apices
451 2518 642 2605 respondero
670 2517 866 2603 distulimus,
894 2518 995 2586 donec
1018 2518 1053 2585 in
1074 2520 1220 2607 proximo
1241 2525 1404 2606 prestante
1428 2521 1492 2589 Do-

317 2636 404 2703 mino
433 2634 512 2703 tales
541 2634 582 2701 ad
602 2640 740 2703 umnam
769 2633 995 2702 sublimitatem
1020 2634 1142 2721 legatos
1164 2636 1353 2723 dirigamus,
1381 2638 1440 2724 qui
1460 2643 1492 2707 st

316 2752 431 2819 litteris
453 2751 570 2819 nostris
593 2756 625 2818 et
638 2751 712 2819 viva
725 2770 804 2819 uoco
822 2752 934 2819 suedo
949 2752 1037 2819 omni
1050 2756 1160 2820 nostro
1173 2752 1337 2839 proposito
1350 2759 1492 2821 renuam

317 2868 451 2937 debeant
479 2868 678 2936 sanctitatem
704 2864 888 2935 certificare.
977 2867 1125 2936 Ceterum
1148 2868 1189 2935 ad
1210 2888 1340 2955 presens
1362 2876 1492 2937 nostrae

316 2985 464 3053 instantis
488 2988 521 3051 et
542 2984 696 3051 obnoxiae
717 2983 884 3071 petitionis
906 3004 1031 3052 summa
1051 2985 1129 3051 haec
1151 2990 1216 3069 est,
1243 2989 1296 3069 ut,
1323 2986 1399 3070 quia
1420 3007 1491 3071 grs-

315 3102 417 3167 mium
438 3121 530 3169 suum
552 3120 713 3188 nunquam
735 3100 939 3169 redeuntibus
955 3106 1066 3168 sancta
1078 3106 1181 3169 mater
1194 3100 1314 3169 chudit
1327 3101 1491 3187 aeeclesia,

316 3218 494 3285 venientem
522 3218 563 3285 ad
583 3237 641 3285 ros
663 3216 855 3301 Arnoldmn,
883 3217 1094 3286 rsnerebilem
1116 3218 1312 3286 coloniensis
1338 3217 1492 3286 ecciesiae

318 3334 597 3421 archiepiscopum,
619 3338 753 3421 paterna
775 3353 847 3401 cum
869 3334 988 3420 pietate
1010 3335 1193 3422 suscipiatis
1214 3340 1247 3403 et
1266 3355 1340 3402 eom
1353 3355 1429 3403 oum
1443 3336 1491 3402 in·

316 3451 463 3536 tegritate
489 3449 616 3519 honoris
645 3450 695 3519 sui
722 3470 783 3536 pro
808 3455 936 3518 nostrae
956 3450 1133 3519 cuatonis
1154 3452 1273 3519 intuitu
1295 3451 1336 3517 ad
1358 3472 1419 3519 nos
1441 3474 1490 3519 re-

315 3567 459 3635 mittetio.
507 3566 574 3635 Neo
600 3566 683 3635 enim
712 3566 798 3636 credi
827 3571 966 3653 oportet,
995 3566 1080 3653 quod
1106 3567 1148 3635 de
1174 3568 1373 3635 contumacia
1400 3569 1490 3637 vobis

316 3704 407 3751 snam
433 3684 581 3752 exhibere
608 3682 802 3769 presentiam
825 3682 1033 3766 recusaverit;
1063 3689 1114 3750 set
1133 3702 1204 3751 curo
1227 3685 1271 3751 sit
1292 3689 1326 3752 et
1345 3684 1437 3752 senio
1458 3691 1490 3752 et

317 3800 443 3869 assidm
465 3800 660 3885 motatore
682 3799 852 3884 coniectus,
873 3804 999 3867 tanturn
1019 3799 1161 3868 laborem
1182 3801 1323 3887 arripere
1344 3821 1411 3868 non
1431 3821 1488 3888 po

316 3918 387 4002 teir,
410 3916 578 4003 presertim
601 3936 672 3983 oum
693 3936 752 4003 per
775 3916 950 3984 absentiam
971 3916 1040 3985 eius
1060 3936 1124 3983 non
1146 3918 1240 4004 parui
1258 3922 1365 3985 motus
1386 3922 1421 3986 et
1440 3918 1487 3984 in-

315 4032 485 4121 placabiles
508 4032 682 4101 discordiae
706 4032 824 4099 oboriri
845 4037 1026 4119 potuerunt,
1050 4054 1130 4119 quae
1147 4039 1180 4101 et
1192 4054 1347 4121 personae
1359 4041 1488 4102 nostrae

316 4151 500 4237 inportunos
523 4148 646 4216 labores
670 4152 702 4215 et
722 4168 820 4232 regno
842 4154 950 4215 nostro
972 4169 1037 4216 non
1057 4150 1197 4217 modicas
1214 4150 1486 4218 incommoditates

316 4266 460 4349 ingerere
481 4264 632 4333 valerent.
679 4263 841 4352 Superest,
862 4270 898 4332 nt
918 4286 976 4335 uos
998 4270 1065 4333 toto
1087 4266 1215 4352 pietatis
1238 4264 1363 4350 affeetu,
1383 4272 1421 4335 ιιι
1440 4268 1486 4334 fa·

390 4397 415 4449 1.
432 4394 467 4449 V.
479 4409 522 4463 ep.
538 4394 589 4451 185
607 4410 691 4463 supra
706 4410 733 4463 p.
747 4396 809 4451 304„
