3117 4859
511 326 660 375 wmannr
681 328 847 377 misnens
867 328 906 377 ss.
1231 316 1295 383 117

125 464 185 539 37.
210 469 407 537 Messes
429 468 590 537 Wsdonem
611 472 830 539 camellariom
847 472 1000 560 papalem
1019 485 1149 561 repant,
1175 487 1210 541 ot
1229 476 1295 544 Ws'-

209 586 298 652 eddi
318 586 449 673 nepote'is
463 586 584 676 saecat.
1156 589 1211 672 (Μ.
1229 592 1294 675 16.)

211 717 349 785 Domino
371 726 403 787 et
425 720 526 807 patri·
540 719 713 788 venerabili
727 718 890 805 W(idoni),
914 740 1055 790 summae
1069 722 1154 790 sedis
1169 730 1295 810 aposto-
1314 730 1383 787 114⁷

120 832 201 901 lisae
223 834 428 921 oauosllario,
455 836 595 904 universi
616 837 730 904 frenes
752 836 951 905 Corbeiensis
974 839 1143 907 aecclesiae
1164 806 1354 925 exiguas⁸¹¹

121 950 311 1019 orationes
302 972 338 1019 1n
359 952 504 1019 Domino.

212 1067 367 1147 Quoniam
393 1068 564 1136 multorum
585 1068 805 1155 religiosorum
827 1075 859 1136 et
880 1074 1061 1137 sanotorum
1082 1070 1222 1138 virorum
1244 1072 1294 1139 in·

119 1184 204 1253 dioio
226 1186 327 1253 mirae
349 1192 381 1254 et
401 1184 622 1254 inestimabilis
645 1188 874 1274 compassionis
895 1188 980 1254 eires
1002 1184 1134 1254 affiiotos
1150 1193 1182 1255 et
1195 1188 1294 1256 sariis‘

119 1302 338 1370 oalamitatum
358 1303 495 1370 miseriis
518 1324 684 1391 oppressos
707 1324 763 1370 vos
787 1325 856 1371 esse
875 1304 1095 1392 oomperimns,
1119 1324 1211 1371 sures
1225 1306 1293 1394 pie-

118 1420 197 1486 tatis
218 1423 344 1486 vestrae
367 1440 426 1507 pro
449 1420 598 1488 ecelesiae
620 1425 747 1489 nostrae
770 1420 898 1487 diversa
918 1419 1155 1507 perturbatione
1177 1421 1293 1489 litteris

118 1536 303 1620 exiguitatis
325 1540 453 1604 nostrae
475 1537 651 1605 stndmmus
674 1536 892 1625 interpellare,
915 1542 966 1622 ut,
990 1538 1139 1623 quoniam
1160 1540 1292 1606 nunoios

116 1656 245 1718 nostros
268 1652 309 1719 ad
331 1652 480 1719 domnum
503 1673 620 1741 papam
641 1674 701 1741 pro
723 1656 827 1721 oensis
851 1652 1020 1721 aeoolesiae
1043 1654 1171 1738 agendis
1189 1660 1293 1722 trans·

115 1768 279 1854 misimus,
313 1774 420 1836 vestm
447 1768 652 1858 opitulatione
680 1770 805 1837 iaoilius
831 1770 907 1837 inde
933 1770 1148 1857 expediamur.
1192 1770 1293 1856 Igitur

116 1890 244 1953 vestrae
265 1887 519 1971 magnanimitati
539 1888 746 1973 suggesimus,
771 1888 920 1974 quoniam
937 1887 1070 1953 domnus
1086 1886 1312 1973 H(einrious)‚'

117 2002 175 2089 qui
197 2002 289 2069 huius
312 2004 481 2071 aeoolesiae
504 2004 600 2071 abbas
624 2004 739 2089 extitit,
764 2004 850 2092 apud
872 2004 1022 2070 domnum
1037 2002 1189 2070 Thomam
1207 2006 1291 2073 sedis

118 2118 309 2206 apostolieae
338 2118 493 2205 legatum,
523 2140 595 2187 oum
618 2125 702 2189 esset
722 2121 757 2187 in
778 2120 847 2187 loeo
868 2124 993 2203 nostro,
1021 2139 1080 2206 pro
1103 2121 1291 2207 quibusdam

117 2236 264 2323 ospitalis
298 2243 462 2305 aecusatus
496 2243 528 2305 et
558 2237 691 2304 testibus
725 2238 863 2305 induetis
890 2235 1073 2303 indefensus
1100 2237 1292 2325 insaporet

116 2352 234 2421 suimet
261 2354 456 2422 confessione
482 2374 555 2421 reus
577 2353 813 2439 manifestatus,
842 2352 939 2437 digna
960 2353 1213 2446 senteutiahsuae
1236 2355 1291 2423 de·

115 2470 284 2557 positionis
310 2468 462 2537 multatus
495 2475 559 2553 est;
592 2475 623 2538 et
650 2471 685 2536 in
713 2470 818 2537 looum
846 2470 913 2537 sius
941 2470 1074 2536 domnus
1097 2468 1289 2556 H(einrious)

115 2586 297 2674 prepositus
320 2592 369 2654 est
391 2591 581 2674 assumptus.
616 2586 713 2653 Cuius
735 2585 880 2654 electioni
899 2605 971 2653 oum
986 2588 1091 2671 gravis
1106 2586 1289 2655 reclamatio

115 2708 150 2770 et
178 2703 374 2788 quorumdam
401 2704 535 2771 fratmm
557 2708 736 2771 nostrorum
759 2709 793 2772 et
815 2703 912 2771 etiam
933 2702 1087 2769 laieorum
1108 2707 1289 2770 nostrorum

114 2817 207 2887 fieret
232 2824 264 2887 et
285 2821 376 2905 gravi
398 2820 555 2887 discordia
577 2820 729 2887 aeoolesia
750 2819 1003 2907 perturbaretur,
1031 2818 1132 2905 Deus,
1162 2820 1289 2887 univer·

115 2956 225 3003 sorum
252 2936 347 3005 saluti
374 2936 468 3005 solita
494 2938 613 3025 pietate
641 2935 822 3022 consulens,
853 2956 925 3003 eum
954 2937 1072 3003 exemit
1099 2935 1138 3003 de
1166 2936 1286 3021 medio;

113 3072 192 3119 nam
213 3053 268 3119 vix
291 3058 424 3139 quatuor
446 3053 606 3121 mensibus
626 3053 753 3142 prefuit.
788 3052 856 3132 Quo
872 3052 1049 3139 absumpto,
1072 3052 1206 3120 domnus
1221 3052 1288 3121 Wi-

113 3168 229 3237 boldus
258 3169 354 3238 abbas
379 3169 573 3237 Stabulensis
601 3170 743 3237 unanimi
769 3188 924 3237 consensu
945 3168 1170 3236 monachorum
1192 3169 1288 3236 simul

114 3292 150 3354 et
174 3285 327 3353 laieorum
349 3306 421 3353 oum
443 3307 559 3372 magna
580 3287 748 3354 oonoordia
769 3286 925 3370 omnium,
953 3285 1153 3372 presentibus
1174 3283 1287 3368 B(ern·

112 3402 228 3485 bardo)
249 3402 515 3471 Patberbumensi
537 3404 683 3492 episeopo
706 3402 755 3471 et*
778 3401 978 3469 Heremanno
1001 3402 1115 3468 oomite
1137 3402 1287 3471 eeclesiae

111 3524 243 3586 nostrae
276 3518 428 3587 edvooato
463 3525 495 3587 et
527 3520 561 3587 in
589 3519 715 3588 laudem
742 3518 904 3587 electionis
933 3518 1000 3585 eius
1029 3517 1284 3605 aoelamantibns,

112 3656 231 3721 magna
253 3656 324 3703 oum
346 3636 511 3705 devotione
534 3636 669 3720 eligitur.
704 3636 764 3715 eri
788 3655 860 3701 eum
882 3635 921 3703 de
942 3634 1132 3702 monasterio
1155 3654 1211 3701 sno
1225 3654 1285 3723 pro

112 3753 233 3820 bonore
255 3751 440 3840 prelationis
463 3752 532 3820 erui
553 3772 617 3819 non
638 3758 756 3840 posset,
780 3773 820 3821 ex
842 3758 991 3841 preoepto
1008 3752 1092 3837 regis
1108 3752 1149 3819 ad
1163 3754 1284 3820 onnam

113 3872 166 3937 est
198 3874 361 3956 evooatus,
394 3870 450 3937 ubi
481 3870 624 3956 quamvis
652 3870 756 3958 primo
784 3869 920 3936 multum
946 3869 1124 3954 resisteret,
1154 3870 1284 3936 tandem

111 3986 221 4071 regiae
254 3984 437 4072 voluntati0,
472 3987 610 4053 omnium
644 3984 791 4074 precibus
826 3987 961 4071 eriotus,
994 4004 1066 4053 oum
1093 3985 1190 4052 reniti
1219 4006 1284 4053 nou

110 4106 238 4191 posset,
271 4102 347 4169 lieet
374 4102 494 4169 invitus
523 4103 687 4190 acquievit.
726 4102 774 4169 Eo
803 4104 902 4188 igitur
929 4103 971 4170 ad
1000 4123 1056 4170 nos
1084 4102 1282 4188 66666666,

1 4250 3 4255 ·
110 4218 210 4287 niobil
233 4218 301 4287 Deo
330 4218 468 4307 propitio
496 4217 531 4286 in
561 4240 685 4287 morum
711 4219 875 4288 honestate
902 4219 995 4287 etin
1022 4218 1183 4287 doobinae
1206 4220 1283 4286 emi-

110 4338 221 4405 nentia
244 4340 276 4403 et
297 4336 332 4403 iu
352 4335 579 4404 oonsultatione
594 4340 627 4404 et
640 4335 821 4424 provisione
834 4336 1013 4402 divinam
1027 4340 1060 4402 et
1072 4334 1282 4404 humanarum

173 4461 378 4523 spumosas
439 4459 608 4511 66666
671 4460 1211 4529 assumamus-umissos.
