3117 4859
436 294 586 343 wmnnnr
606 292 772 343 murone
794 292 848 341 osa
1161 276 1228 345 366

143 433 212 516 Quo
245 458 376 505 munere
403 436 527 507 delestis
560 437 796 507 misericordiae
829 440 973 522 aoeepto,
1007 434 1084 503 dum
1116 440 1227 503 eontra
1245 441 1315 495 1¹⁶0

49 554 229 622 emmens
259 555 359 623 nosos
386 555 503 640 nosen,
538 553 636 622 sieut
669 554 816 621 sesnes
846 553 990 640 menn,
1024 552 1227 619 emonem
1249 516 1305 575 ⁸¹³¹·

48 670 255 759 insolentiam
283 692 341 739 nos
364 671 513 759 expedire
541 677 574 739 et
596 671 759 755 eoeingere
780 669 958 754 studemus,
980 668 1148 735 nunciatur
1168 688 1226 735 no-

48 785 116 871 bis,
143 788 228 873 quod
250 790 351 855 omnis
368 787 561 855 Francorum
583 786 717 874 populos
740 807 812 854 eum
833 787 905 873 ipso
924 805 999 870 rege
1020 780 1096 852 suo¹
1117 788 1228 851 oontm

47 902 224 989 imperium
256 904 529 991 preoellentissimi
557 903 699 988 germani
727 904 845 988 nostri,
877 903 927 969 tui
958 902 1080 970 soilieet
1111 902 1227 986 glorio·

46 1018 172 1087 nissimi
201 1022 325 1107 sponsi,
354 1021 549 1109 conspiraret
571 1026 603 1087 et
632 1040 721 1087 armo
741 1039 885 1104 mouere,
916 1024 1043 1086 auotore
1066 1024 1099 1086 et
1118 1019 1226 1085 ineen-

45 1142 118 1203 tore
150 1134 268 1223 Sieilye
300 1142 451 1224 tyranno,
486 1156 558 1204 eum
590 1138 676 1203 omni
709 1137 836 1205 mrtutis
870 1156 946 1203 suae
979 1141 1093 1202 eonatu
1120 1136 1227 1222 dispo·

45 1258 150 1319 neret
187 1252 289 1333 Quam
311 1273 379 1322 rem
401 1274 466 1321 non
486 1252 579 1320 iaoile
600 1254 810 1340 spernendam
828 1252 880 1321 uel
893 1252 1100 1319 omittendam
1121 1257 1226 1318 ratum

45 1368 219 1454 duximus,
253 1366 302 1437 'set
328 1370 424 1438 finem
450 1390 557 1437 rerum
586 1376 752 1457 expectare
784 1374 898 1436 etant
925 1367 1096 1435 tumultum
1124 1368 1226 1454 repri·
1282 1439 1290 1453 ,

44 1504 136 1553 mere
166 1492 223 1553 aut
244 1506 301 1555 nos
325 1494 358 1555 et
377 1488 546 1575 imperium
567 1492 711 1555 semrom
737 1506 798 1574 pre
824 1486 924 1553 fratre
944 1490 1054 1553 nosue
1079 1488 1112 1551 et
1131 1483 1226 1551 rebus

44 1602 150 1689 ipsius
176 1622 336 1689 opponere
358 1604 562 1671 deoreuimus.
634 1604 811 1670 Excusatos
832 1622 891 1669 nos
912 1600 1104 1669 suffieianter
1125 1600 1226 1667 eredi-

43 1738 129 1804 mus,
155 1720 302 1787 veritatis
317 1721 472 1788 existente
487 1720 674 1805 constantia,
698 1725 763 1787 tum
782 1719 821 1787 de
835 1718 1006 1787 incursatis
1021 1717 1111 1803 regni
1124 1717 1225 1784 nostri

42 1833 165 1903 tinibus
189 1856 284 1922 quam
307 1837 347 1905 de
368 1836 575 1905 invalitudine
597 1836 762 1923 eorpernli.
798 1836 842 1903 Et
863 1835 958 1923 plone
979 1835 1020 1902 de
1041 1834 1149 1901 (diemo
1171 1833 1227 1901 ad-

42 1952 166 2019 iutorio
191 1950 386 2039 oonfidimus,
410 1954 493 2041 quod
515 1954 550 2021 in
572 1954 660 2021 brevi
679 1952 838 2041 promissa
853 1956 964 2019 nostra
983 1949 1119 2019 fideliter
1141 1968 1226 2015 eem-

41 2066 225 2154 plebimus‚
248 2088 312 2135 non
328 2068 436 2135 solum
459 2070 535 2155 quia
556 2070 798 2157 spopondimus,
820 2068 1050 2136 verumetiam
1071 2066 1146 2153 quia
1167 2086 1226 2133 nos

42 2184 82 2253 de
107 2186 259 2253 invasore
281 2185 407 2271 imperii
429 2187 530 2253 nostri
551 2186 712 2253 vindicare
735 2196 951 2272 summepere·
974 2184 1199 2253 desideramus.

137 2300 185 2368 Et
212 2307 249 2368 ut
274 2300 434 2388 proeelsus
460 2302 509 2369 vir
536 2309 609 2371 tuus
636 2303 790 2371 maiorem
816 2302 856 2369 de
881 2301 972 2369 nobis
994 2300 1138 2367 amioieie
1159 2319 1226 2366 oer-

42 2417 220 2486 titudinem
249 2422 281 2485 et
308 2416 502 2506 adimplendi
531 2419 752 2487 conventiones
781 2418 912 2502 habeat,
945 2416 1117 2484 firmiorem
1143 2416 1227 2482 inter

42 2556 105 2603 nos
131 2532 331 2619 affinitatem,
354 2535 448 2602 sieuti
465 2554 537 2601 eum
551 2542 714 2623 presentes
729 2556 870 2603 essemus
884 2534 1041 2603 internos
1055 2536 1224 2599 naetatom

43 2658 76 2719 et
100 2650 265 2718 firmatum
288 2650 364 2735 fuit,
393 2650 434 2717 ad
454 2670 584 2738 presens
607 2650 676 2719 fieri
698 2651 911 2738 disponimus,
939 2650 986 2717 iia
1007 2648 1167 2715 videlieet:
1189 2652 1227 2714 ut

42 2767 207 2853 gloriosus
229 2766 313 2835 tilius
335 2772 453 2852 noster,
477 2768 531 2853 qui
553 2768 681 2855 imperii
702 2769 804 2835 nostri
826 2786 987 2835 suooessor
1009 2771 1043 2835 et
1062 2765 1154 2833 heres
1177 2770 1227 2832 est

43 2884 235 2968 designatus
257 2888 290 2951 et
311 2889 489 2969 euronotus,
511 2890 638 2971 neptem
660 2904 757 2951 unam
778 2885 887 2951 mariti
908 2883 967 2969 oui,
989 2882 1133 2950 sublimis
1147 2880 1225 2949 Gre-

42 3020 161 3069 corum
183 3001 399 3089 imperatoris,
427 3020 559 3068 uxorem
581 3001 722 3089 presenti
744 3007 888 3088 tempere
909 3000 1019 3085 duest,
1043 2998 1082 3066 de
1103 2997 1226 3066 duabus

41 3117 172 3185 seilicet
194 3116 335 3185 alteram
370 3117 456 3197 Quae
480 3116 590 3185 eleetio
612 3118 709 3185 intui
726 3118 863 3206 pectoris
886 3116 1044 3204 sapientia
1059 3115 1225 3199 constabit,

41 3240 80 3303 ut
105 3232 166 3299 illa
187 3234 277 3301 nobis
300 3235 544 3318 transmittatur,
569 3254 629 3321 que
651 3234 792 3301 moribus
815 3240 848 3302 et
868 3234 972 3301 forma
987 3236 1134 3300 nosoetor
1149 3237 1225 3316 ate,

42 3369 110 3438 que
140 3369 195 3417 eas
224 3351 379 3435 educasti,
407 3350 594 3438 precellere,
625 3351 707 3417 siout
733 3349 834 3417 honor
859 3350 1024 3435 utrimque
1045 3348 1173 3436 inperii
1194 3354 1227 3415 et

41 3466 285 3555 predulcissimi
306 3468 431 3555 nepotis
453 3467 501 3533 tui
523 3465 675 3534 celsitudo
699 3486 777 3554 opus
801 3466 917 3534 habere
938 3467 973 3533 in
989 3466 1047 3533 tali
1060 3487 1097 3533 re
1111 3485 1226 3550 eogno-

41 3586 159 3653 seitur.
235 3583 447 3668 ostermere,
471 3604 531 3670 que
553 3584 595 3650 ed
617 3582 752 3651 eundem
774 3588 969 3649 eontraetum
990 3583 1052 3651 rite
1072 3602 1226 3669 peragen-

41 3702 125 3769 dum
154 3700 314 3786 pertinere
335 3699 496 3785 videntur,
524 3700 687 3787 posuimus
710 3699 744 3765 in
767 3720 821 3766 ore
843 3699 966 3767 cernitis
988 3698 1163 3767 Alexandri
1185 3698 1226 3765 de

42 3816 201 3901 Gravina,
225 3818 279 3903 qui
300 3817 425 3903 utrique
443 3815 576 3903 imperio
591 3821 746 3903 perpetua
759 3813 911 3883 fidelitate
925 3815 1045 3883 servire
1058 3814 1225 3883 mmneste

41 3932 222 4019 consuerit,
247 3938 279 4001 et
295 3933 385 4001 verbi
399 3931 492 3999 huius
510 3932 664 4000 medietor
683 3937 715 3999 et
730 3932 900 4000 troototorb
917 3953 957 3999 ex
973 3936 1121 4020 preeepto
1137 3934 1224 3997 ntro·

42 4070 194 4137 rumque,
217 4069 288 4116 oum
311 4049 396 4138 opud
418 4069 474 4116 uos
498 4068 646 4117 essemus.
685 4048 795 4134 Quem,
816 4050 851 4115 in
874 4050 967 4117 rebus
990 4048 1105 4136 inperii
1126 4046 1225 4115 vestri

43 4166 185 4237 fideliter
207 4170 244 4233 ut
265 4186 390 4254 semper
413 4165 493 4234 solet
514 4164 726 4251 laborantem,
750 4186 769 4232 a
791 4164 928 4234 Venetia
949 4164 1080 4233 feeimus
1102 4163 1144 4230 ad
1164 4182 1224 4231 nos

120 4332 143 4366 a
165 4331 285 4378 sumopere
301 4334 321 4365 o.
382 4318 406 4365 h.
426 4318 472 4365 tuit
487 4319 599 4366 acidino
614 4319 708 4367 uidetur.

121 4414 147 4470 1.
166 4412 311 4470 Ludovioo
322 4412 384 4471 vn.
