<?xml version="1.0" encoding="UTF-8"?>
<!DOCTYPE html PUBLIC "-//W3C//DTD XHTML 1.0 Transitional//EN"
    "http://www.w3.org/TR/xhtml1/DTD/xhtml1-transitional.dtd">
<html xmlns="http://www.w3.org/1999/xhtml" xml:lang="en" lang="en">
 <head>
  <title>
</title>
<meta http-equiv="Content-Type" content="text/html;charset=utf-8" />
  <meta name='ocr-system' content='tesseract 3.04.00' />
  <meta name='ocr-capabilities' content='ocr_page ocr_carea ocr_par ocr_line ocrx_word'/>
</head>
<body>
  <div class='ocr_page' id='page_1' title='image "./bibliothecareru05jaffgoog_0285.png"; bbox 0 0 3117 4859; ppageno 0'>
   <div class='ocr_carea' id='block_1_1' title="bbox 427 233 1210 301">
    <p class='ocr_par' dir='ltr' id='par_1_1' title="bbox 427 233 1210 301">
     <span class='ocr_line' id='line_1_1' title="bbox 427 233 1210 301; baseline 0 -2"><span class='ocrx_word' id='word_1_1' title='bbox 427 250 576 299; x_wconf 73' lang='lat' dir='ltr'>vinnam</span> <span class='ocrx_word' id='word_1_2' title='bbox 595 249 759 299; x_wconf 68' lang='lat' dir='ltr'>nemon</span> <span class='ocrx_word' id='word_1_3' title='bbox 782 248 835 299; x_wconf 79' lang='lat' dir='ltr'>sos.</span> <span class='ocrx_word' id='word_1_4' title='bbox 1146 233 1210 301; x_wconf 77' lang='lat'>281</span> 
     </span>
    </p>
   </div>
   <div class='ocr_carea' id='block_1_2' title="bbox 43 391 1327 3970">
    <p class='ocr_par' dir='ltr' id='par_1_2' title="bbox 43 391 1303 1061">
     <span class='ocr_line' id='line_1_2' title="bbox 141 391 1303 480; baseline -0.004 -19"><span class='ocrx_word' id='word_1_5' title='bbox 141 391 198 461; x_wconf 83' lang='lat' dir='ltr'>Set</span> <span class='ocrx_word' id='word_1_6' title='bbox 211 412 254 461; x_wconf 87' lang='lat' dir='ltr'>ne</span> <span class='ocrx_word' id='word_1_7' title='bbox 268 391 351 459; x_wconf 82' lang='lat' dir='ltr'>forte</span> <span class='ocrx_word' id='word_1_8' title='bbox 362 391 591 479; x_wconf 87' lang='lat' dir='ltr'>reprehendere</span> <span class='ocrx_word' id='word_1_9' title='bbox 606 398 638 459; x_wconf 91' lang='lat' dir='ltr'>et</span> <span class='ocrx_word' id='word_1_10' title='bbox 652 412 784 476; x_wconf 85' lang='lat' dir='ltr'>arguere</span> <span class='ocrx_word' id='word_1_11' title='bbox 796 391 941 480; x_wconf 89' lang='lat' dir='ltr'>incipias,</span> <span class='ocrx_word' id='word_1_12' title='bbox 962 412 1015 461; x_wconf 78' lang='lat' dir='ltr'>nse</span> <span class='ocrx_word' id='word_1_13' title='bbox 1027 392 1216 461; x_wconf 83' lang='lat' dir='ltr'>monsohum</span> <span class='ocrx_word' id='word_1_14' title='bbox 1233 399 1303 456; x_wconf 72' lang='lat'>1149</span> 
     </span>
     <span class='ocr_line' id='line_1_3' title="bbox 45 507 1216 596; baseline -0.002 -19"><span class='ocrx_word' id='word_1_15' title='bbox 45 516 78 577; x_wconf 92' lang='lat' dir='ltr'>et</span> <span class='ocrx_word' id='word_1_16' title='bbox 96 509 169 576; x_wconf 86' lang='lat' dir='ltr'>iarn</span> <span class='ocrx_word' id='word_1_17' title='bbox 182 526 347 576; x_wconf 87' lang='lat' dir='ltr'>canescere</span> <span class='ocrx_word' id='word_1_18' title='bbox 361 509 563 596; x_wconf 71' lang='lat' dir='ltr'>incipientem</span> <span class='ocrx_word' id='word_1_19' title='bbox 578 508 655 576; x_wconf 88' lang='lat' dir='ltr'>talia</span> <span class='ocrx_word' id='word_1_20' title='bbox 668 508 719 575; x_wconf 85' lang='lat' dir='ltr'>vel</span> <span class='ocrx_word' id='word_1_21' title='bbox 732 507 874 575; x_wconf 66' lang='lat' dir='ltr'>lectitare</span> <span class='ocrx_word' id='word_1_22' title='bbox 889 507 940 576; x_wconf 83' lang='lat' dir='ltr'>vel</span> <span class='ocrx_word' id='word_1_23' title='bbox 953 509 1101 594; x_wconf 85' lang='lat' dir='ltr'>cogitare,</span> <span class='ocrx_word' id='word_1_24' title='bbox 1122 510 1216 596; x_wconf 86' lang='lat' dir='ltr'>scine,</span> 
     </span>
     <span class='ocr_line' id='line_1_4' title="bbox 45 624 1216 711; baseline 0 -18"><span class='ocrx_word' id='word_1_25' title='bbox 45 625 135 711; x_wconf 87' lang='lat' dir='ltr'>qnod</span> <span class='ocrx_word' id='word_1_26' title='bbox 158 646 216 710; x_wconf 91' lang='lat' dir='ltr'>ego</span> <span class='ocrx_word' id='word_1_27' title='bbox 238 624 315 693; x_wconf 87' lang='lat' dir='ltr'>haec</span> <span class='ocrx_word' id='word_1_28' title='bbox 336 630 441 693; x_wconf 79' lang='lat' dir='ltr'>cestra</span> <span class='ocrx_word' id='word_1_29' title='bbox 461 625 621 711; x_wconf 89' lang='lat' dir='ltr'>ingredior</span> <span class='ocrx_word' id='word_1_30' title='bbox 641 644 705 692; x_wconf 94' lang='lat' dir='ltr'>non</span> <span class='ocrx_word' id='word_1_31' title='bbox 726 629 876 710; x_wconf 83' lang='lat' dir='ltr'>tunquam</span> <span class='ocrx_word' id='word_1_32' title='bbox 898 626 1039 693; x_wconf 74' lang='lat' dir='ltr'>desertor</span> <span class='ocrx_word' id='word_1_33' title='bbox 1060 631 1093 693; x_wconf 90' lang='lat' dir='ltr'>ct</span> <span class='ocrx_word' id='word_1_34' title='bbox 1113 630 1216 693; x_wconf 87' lang='lat' dir='ltr'>trans·</span> 
     </span>
     <span class='ocr_line' id='line_1_5' title="bbox 43 736 1216 829; baseline 0.002 -21"><span class='ocrx_word' id='word_1_35' title='bbox 43 742 141 827; x_wconf 82' lang='lat' dir='ltr'>fuga,</span> <span class='ocrx_word' id='word_1_36' title='bbox 165 747 215 809; x_wconf 90' lang='lat' dir='ltr'>set</span> <span class='ocrx_word' id='word_1_37' title='bbox 235 742 317 809; x_wconf 72' lang='lat' dir='ltr'>dont</span> <span class='ocrx_word' id='word_1_38' title='bbox 337 736 534 829; x_wconf 86' lang='lat' dir='ltr'>explorator¹</span> <span class='ocrx_word' id='word_1_39' title='bbox 556 747 588 809; x_wconf 88' lang='lat' dir='ltr'>et</span> <span class='ocrx_word' id='word_1_40' title='bbox 602 741 774 829; x_wconf 86' lang='lat' dir='ltr'>spoliorum</span> <span class='ocrx_word' id='word_1_41' title='bbox 794 741 936 829; x_wconf 84' lang='lat' dir='ltr'>cupidus,</span> <span class='ocrx_word' id='word_1_42' title='bbox 959 742 1083 809; x_wconf 82' lang='lat' dir='ltr'>siiorte</span> <span class='ocrx_word' id='word_1_43' title='bbox 1096 740 1216 809; x_wconf 78' lang='lat' dir='ltr'>Madia·</span> 
     </span>
     <span class='ocr_line' id='line_1_6' title="bbox 45 857 1216 946; baseline 0 -21"><span class='ocrx_word' id='word_1_44' title='bbox 45 858 139 925; x_wconf 88' lang='lat' dir='ltr'>niten</span> <span class='ocrx_word' id='word_1_45' title='bbox 160 878 273 945; x_wconf 89' lang='lat' dir='ltr'>rapere</span> <span class='ocrx_word' id='word_1_46' title='bbox 294 859 428 945; x_wconf 89' lang='lat' dir='ltr'>possim,</span> <span class='ocrx_word' id='word_1_47' title='bbox 455 879 550 944; x_wconf 88' lang='lat' dir='ltr'>quam</span> <span class='ocrx_word' id='word_1_48' title='bbox 571 858 645 946; x_wconf 89' lang='lat' dir='ltr'>pilis</span> <span class='ocrx_word' id='word_1_49' title='bbox 667 858 765 925; x_wconf 81' lang='lat' dir='ltr'>erosis</span> <span class='ocrx_word' id='word_1_50' title='bbox 787 862 821 925; x_wconf 91' lang='lat' dir='ltr'>et</span> <span class='ocrx_word' id='word_1_51' title='bbox 840 858 996 942; x_wconf 86' lang='lat' dir='ltr'>unguibus</span> <span class='ocrx_word' id='word_1_52' title='bbox 1017 858 1151 925; x_wconf 89' lang='lat' dir='ltr'>desectis</span> <span class='ocrx_word' id='word_1_53' title='bbox 1171 857 1216 925; x_wconf 89' lang='lat' dir='ltr'>le-</span> 
     </span>
     <span class='ocr_line' id='line_1_7' title="bbox 45 969 823 1061; baseline -0.001 -20"><span class='ocrx_word' id='word_1_54' title='bbox 45 976 161 1060; x_wconf 84' lang='lat' dir='ltr'>gitimo</span> <span class='ocrx_word' id='word_1_55' title='bbox 184 973 265 1041; x_wconf 85' lang='lat' dir='ltr'>mihi</span> <span class='ocrx_word' id='word_1_56' title='bbox 285 972 406 1041; x_wconf 85' lang='lat' dir='ltr'>valeam</span> <span class='ocrx_word' id='word_1_57' title='bbox 428 974 575 1061; x_wconf 88' lang='lat' dir='ltr'>copulare</span> <span class='ocrx_word' id='word_1_58' title='bbox 596 969 823 1043; x_wconf 84' lang='lat' dir='ltr'>matrimonio¹.</span> 
     </span>
    </p>

    <p class='ocr_par' dir='ltr' id='par_1_3' title="bbox 46 1084 1220 2109">
     <span class='ocr_line' id='line_1_8' title="bbox 139 1084 1219 1177; baseline 0.002 -20"><span class='ocrx_word' id='word_1_59' title='bbox 139 1090 198 1157; x_wconf 86' lang='lat' dir='ltr'>Set</span> <span class='ocrx_word' id='word_1_60' title='bbox 211 1090 336 1158; x_wconf 83' lang='lat' dir='ltr'>veniam</span> <span class='ocrx_word' id='word_1_61' title='bbox 359 1090 399 1159; x_wconf 91' lang='lat' dir='ltr'>ad</span> <span class='ocrx_word' id='word_1_62' title='bbox 421 1094 556 1176; x_wconf 89' lang='lat' dir='ltr'>nostros,</span> <span class='ocrx_word' id='word_1_63' title='bbox 579 1110 712 1177; x_wconf 87' lang='lat' dir='ltr'>quorum</span> <span class='ocrx_word' id='word_1_64' title='bbox 732 1090 861 1175; x_wconf 86' lang='lat' dir='ltr'>ingenia</span> <span class='ocrx_word' id='word_1_65' title='bbox 881 1095 914 1158; x_wconf 92' lang='lat' dir='ltr'>et</span> <span class='ocrx_word' id='word_1_66' title='bbox 934 1084 1039 1157; x_wconf 81' lang='lat' dir='ltr'>studia</span> <span class='ocrx_word' id='word_1_67' title='bbox 1058 1090 1170 1159; x_wconf 84' lang='lat' dir='ltr'>mirari</span> <span class='ocrx_word' id='word_1_68' title='bbox 1185 1098 1219 1158; x_wconf 88' lang='lat' dir='ltr'>ot</span> 
     </span>
     <span class='ocr_line' id='line_1_9' title="bbox 47 1205 1217 1294; baseline -0.001 -20"><span class='ocrx_word' id='word_1_69' title='bbox 47 1207 181 1275; x_wconf 63' lang='lat' dir='ltr'>nume</span> <span class='ocrx_word' id='word_1_70' title='bbox 201 1226 384 1294; x_wconf 87' lang='lat' dir='ltr'>possumus,</span> <span class='ocrx_word' id='word_1_71' title='bbox 411 1226 525 1293; x_wconf 86' lang='lat' dir='ltr'>equare</span> <span class='ocrx_word' id='word_1_72' title='bbox 554 1213 586 1273; x_wconf 90' lang='lat' dir='ltr'>et</span> <span class='ocrx_word' id='word_1_73' title='bbox 605 1208 725 1275; x_wconf 85' lang='lat' dir='ltr'>imitari</span> <span class='ocrx_word' id='word_1_74' title='bbox 747 1227 812 1273; x_wconf 92' lang='lat' dir='ltr'>non</span> <span class='ocrx_word' id='word_1_75' title='bbox 832 1227 1013 1293; x_wconf 86' lang='lat' dir='ltr'>possumus:</span> <span class='ocrx_word' id='word_1_76' title='bbox 1041 1205 1217 1294; x_wconf 82' lang='lat' dir='ltr'>Cyprianus</span> 
     </span>
     <span class='ocr_line' id='line_1_10' title="bbox 46 1322 1219 1412; baseline 0.002 -23"><span class='ocrx_word' id='word_1_77' title='bbox 46 1330 172 1411; x_wconf 81' lang='lat' dir='ltr'>martyr</span> <span class='ocrx_word' id='word_1_78' title='bbox 194 1328 227 1389; x_wconf 90' lang='lat' dir='ltr'>et</span> <span class='ocrx_word' id='word_1_79' title='bbox 241 1323 393 1410; x_wconf 84' lang='lat' dir='ltr'>pontifex,</span> <span class='ocrx_word' id='word_1_80' title='bbox 415 1322 608 1407; x_wconf 71' lang='lat' dir='ltr'>Lactantius,</span> <span class='ocrx_word' id='word_1_81' title='bbox 630 1323 780 1412; x_wconf 83' lang='lat' dir='ltr'>Hylarius</span> <span class='ocrx_word' id='word_1_82' title='bbox 795 1322 1010 1407; x_wconf 87' lang='lat' dir='ltr'>Pictaviensis,</span> <span class='ocrx_word' id='word_1_83' title='bbox 1031 1323 1219 1391; x_wconf 77' lang='lat' dir='ltr'>Ambrosius</span> 
     </span>
     <span class='ocr_line' id='line_1_11' title="bbox 46 1438 1218 1527; baseline 0.003 -21"><span class='ocrx_word' id='word_1_84' title='bbox 46 1438 304 1524; x_wconf 78' lang='lat' dir='ltr'>Mediolanensis,</span> <span class='ocrx_word' id='word_1_85' title='bbox 316 1439 506 1507; x_wconf 85' lang='lat' dir='ltr'>leronimus·</span> <span class='ocrx_word' id='word_1_86' title='bbox 521 1438 688 1524; x_wconf 81' lang='lat' dir='ltr'>Effrateus,</span> <span class='ocrx_word' id='word_1_87' title='bbox 704 1440 900 1524; x_wconf 75' lang='lat' dir='ltr'>Augustinus</span> <span class='ocrx_word' id='word_1_88' title='bbox 911 1439 1138 1527; x_wconf 61' lang='lat' dir='ltr'>Yppooensie,</span> <span class='ocrx_word' id='word_1_89' title='bbox 1153 1440 1218 1509; x_wconf 88' lang='lat' dir='ltr'>Leo</span> 
     </span>
     <span class='ocr_line' id='line_1_12' title="bbox 46 1554 1219 1644; baseline 0.001 -21"><span class='ocrx_word' id='word_1_90' title='bbox 46 1554 185 1641; x_wconf 78' lang='lat' dir='ltr'>ldagnns</span> <span class='ocrx_word' id='word_1_91' title='bbox 211 1557 300 1623; x_wconf 84' lang='lat' dir='ltr'>urbis</span> <span class='ocrx_word' id='word_1_92' title='bbox 322 1555 481 1623; x_wconf 77' lang='lat' dir='ltr'>Romanae</span> <span class='ocrx_word' id='word_1_93' title='bbox 509 1557 674 1643; x_wconf 88' lang='lat' dir='ltr'>episcopus</span> <span class='ocrx_word' id='word_1_94' title='bbox 701 1560 734 1622; x_wconf 92' lang='lat' dir='ltr'>et</span> <span class='ocrx_word' id='word_1_95' title='bbox 756 1555 812 1623; x_wconf 88' lang='lat' dir='ltr'>alii</span> <span class='ocrx_word' id='word_1_96' title='bbox 833 1555 1055 1643; x_wconf 87' lang='lat' dir='ltr'>quamplures</span> <span class='ocrx_word' id='word_1_97' title='bbox 1076 1558 1219 1644; x_wconf 89' lang='lat' dir='ltr'>precipui</span> 
     </span>
     <span class='ocr_line' id='line_1_13' title="bbox 48 1672 1219 1759; baseline 0.002 -20"><span class='ocrx_word' id='word_1_98' title='bbox 48 1678 78 1739; x_wconf 86' lang='lat' dir='ltr'>et</span> <span class='ocrx_word' id='word_1_99' title='bbox 110 1672 194 1741; x_wconf 82' lang='lat' dir='ltr'>clari</span> <span class='ocrx_word' id='word_1_100' title='bbox 221 1672 298 1757; x_wconf 83' lang='lat' dir='ltr'>riri,</span> <span class='ocrx_word' id='word_1_101' title='bbox 327 1673 452 1757; x_wconf 86' lang='lat' dir='ltr'>ingenio</span> <span class='ocrx_word' id='word_1_102' title='bbox 481 1672 567 1741; x_wconf 76' lang='lat' dir='ltr'>tadu</span> <span class='ocrx_word' id='word_1_103' title='bbox 601 1672 726 1759; x_wconf 88' lang='lat' dir='ltr'>copioso</span> <span class='ocrx_word' id='word_1_104' title='bbox 760 1673 850 1739; x_wconf 83' lang='lat' dir='ltr'>suasi</span> <span class='ocrx_word' id='word_1_105' title='bbox 875 1678 922 1756; x_wconf 87' lang='lat' dir='ltr'>et,</span> <span class='ocrx_word' id='word_1_106' title='bbox 957 1694 1038 1759; x_wconf 87' lang='lat' dir='ltr'>quae</span> <span class='ocrx_word' id='word_1_107' title='bbox 1064 1674 1219 1741; x_wconf 88' lang='lat' dir='ltr'>sermonis</span> 
     </span>
     <span class='ocr_line' id='line_1_14' title="bbox 48 1789 1220 1875; baseline 0.003 -20"><span class='ocrx_word' id='word_1_108' title='bbox 48 1789 193 1855; x_wconf 82' lang='lat' dir='ltr'>maxima</span> <span class='ocrx_word' id='word_1_109' title='bbox 221 1793 270 1855; x_wconf 89' lang='lat' dir='ltr'>est</span> <span class='ocrx_word' id='word_1_110' title='bbox 291 1789 407 1874; x_wconf 83' lang='lat' dir='ltr'>virtus,</span> <span class='ocrx_word' id='word_1_111' title='bbox 435 1794 560 1875; x_wconf 86' lang='lat' dir='ltr'>aperto,</span> <span class='ocrx_word' id='word_1_112' title='bbox 588 1794 624 1855; x_wconf 90' lang='lat' dir='ltr'>ut</span> <span class='ocrx_word' id='word_1_113' title='bbox 649 1789 827 1857; x_wconf 88' lang='lat' dir='ltr'>discernere</span> <span class='ocrx_word' id='word_1_114' title='bbox 846 1809 911 1855; x_wconf 91' lang='lat' dir='ltr'>non</span> <span class='ocrx_word' id='word_1_115' title='bbox 933 1808 1045 1875; x_wconf 87' lang='lat' dir='ltr'>queas,</span> <span class='ocrx_word' id='word_1_116' title='bbox 1071 1795 1220 1859; x_wconf 64' lang='lat' dir='ltr'>unumne</span> 
     </span>
     <span class='ocr_line' id='line_1_15' title="bbox 48 1904 1219 1993; baseline 0.002 -22"><span class='ocrx_word' id='word_1_117' title='bbox 48 1905 228 1975; x_wconf 85' lang='lat' dir='ltr'>ornatiores</span> <span class='ocrx_word' id='word_1_118' title='bbox 249 1905 284 1972; x_wconf 89' lang='lat' dir='ltr'>in</span> <span class='ocrx_word' id='word_1_119' title='bbox 306 1904 477 1991; x_wconf 90' lang='lat' dir='ltr'>eloquendo</span> <span class='ocrx_word' id='word_1_120' title='bbox 496 1926 537 1972; x_wconf 87' lang='lat' dir='ltr'>en</span> <span class='ocrx_word' id='word_1_121' title='bbox 551 1905 706 1973; x_wconf 75' lang='lat' dir='ltr'>feliciores</span> <span class='ocrx_word' id='word_1_122' title='bbox 719 1906 754 1971; x_wconf 91' lang='lat' dir='ltr'>in</span> <span class='ocrx_word' id='word_1_123' title='bbox 769 1905 955 1993; x_wconf 84' lang='lat' dir='ltr'>explicando</span> <span class='ocrx_word' id='word_1_124' title='bbox 970 1926 1013 1971; x_wconf 86' lang='lat' dir='ltr'>an</span> <span class='ocrx_word' id='word_1_125' title='bbox 1026 1906 1219 1992; x_wconf 87' lang='lat' dir='ltr'>potentiores</span> 
     </span>
     <span class='ocr_line' id='line_1_16' title="bbox 49 2021 473 2109; baseline 0.002 -22"><span class='ocrx_word' id='word_1_126' title='bbox 49 2021 82 2087; x_wconf 93' lang='lat' dir='ltr'>in</span> <span class='ocrx_word' id='word_1_127' title='bbox 102 2021 326 2109; x_wconf 85' lang='lat' dir='ltr'>persuadendo</span> <span class='ocrx_word' id='word_1_128' title='bbox 346 2021 473 2089; x_wconf 54' lang='lat' dir='ltr'>benni,</span> 
     </span>
    </p>

    <p class='ocr_par' dir='ltr' id='par_1_4' title="bbox 50 2135 1327 3970">
     <span class='ocr_line' id='line_1_17' title="bbox 137 2135 1221 2225; baseline 0.001 -20"><span class='ocrx_word' id='word_1_129' title='bbox 137 2136 197 2205; x_wconf 89' lang='lat' dir='ltr'>Hii</span> <span class='ocrx_word' id='word_1_130' title='bbox 230 2142 337 2205; x_wconf 64' lang='lat' dir='ltr'>umen</span> <span class='ocrx_word' id='word_1_131' title='bbox 368 2157 440 2205; x_wconf 88' lang='lat' dir='ltr'>cnm</span> <span class='ocrx_word' id='word_1_132' title='bbox 467 2139 502 2205; x_wconf 93' lang='lat' dir='ltr'>in</span> <span class='ocrx_word' id='word_1_133' title='bbox 529 2158 593 2205; x_wconf 89' lang='lat' dir='ltr'>nna</span> <span class='ocrx_word' id='word_1_134' title='bbox 620 2141 652 2205; x_wconf 95' lang='lat' dir='ltr'>et</span> <span class='ocrx_word' id='word_1_135' title='bbox 679 2136 789 2205; x_wconf 87' lang='lat' dir='ltr'>eadem</span> <span class='ocrx_word' id='word_1_136' title='bbox 815 2135 889 2204; x_wconf 87' lang='lat' dir='ltr'>fidei</span> <span class='ocrx_word' id='word_1_137' title='bbox 915 2138 1085 2205; x_wconf 87' lang='lat' dir='ltr'>catholicae</span> <span class='ocrx_word' id='word_1_138' title='bbox 1110 2138 1221 2225; x_wconf 87' lang='lat' dir='ltr'>regola</span> 
     </span>
     <span class='ocr_line' id='line_1_18' title="bbox 50 2252 1221 2340; baseline 0 -19"><span class='ocrx_word' id='word_1_139' title='bbox 50 2254 182 2321; x_wconf 84' lang='lat' dir='ltr'>formati</span> <span class='ocrx_word' id='word_1_140' title='bbox 206 2254 339 2338; x_wconf 84' lang='lat' dir='ltr'>inerint,</span> <span class='ocrx_word' id='word_1_141' title='bbox 375 2252 528 2338; x_wconf 73' lang='lat' dir='ltr'>quaedam</span> <span class='ocrx_word' id='word_1_142' title='bbox 557 2252 750 2340; x_wconf 84' lang='lat' dir='ltr'>scripserunt</span> <span class='ocrx_word' id='word_1_143' title='bbox 783 2274 848 2321; x_wconf 90' lang='lat' dir='ltr'>non</span> <span class='ocrx_word' id='word_1_144' title='bbox 880 2253 983 2321; x_wconf 90' lang='lat' dir='ltr'>solnm</span> <span class='ocrx_word' id='word_1_145' title='bbox 1015 2254 1140 2321; x_wconf 78' lang='lat' dir='ltr'>diversa</span> <span class='ocrx_word' id='word_1_146' title='bbox 1171 2260 1221 2322; x_wconf 92' lang='lat' dir='ltr'>set</span> 
     </span>
     <span class='ocr_line' id='line_1_19' title="bbox 52 2368 1220 2457; baseline -0.001 -19"><span class='ocrx_word' id='word_1_147' title='bbox 52 2372 146 2439; x_wconf 87' lang='lat' dir='ltr'>etiarn</span> <span class='ocrx_word' id='word_1_148' title='bbox 170 2370 389 2457; x_wconf 78' lang='lat' dir='ltr'>repugnantia</span> <span class='ocrx_word' id='word_1_149' title='bbox 424 2368 513 2437; x_wconf 88' lang='lat' dir='ltr'>Sient</span> <span class='ocrx_word' id='word_1_150' title='bbox 534 2368 721 2437; x_wconf 83' lang='lat' dir='ltr'>Lactancius</span> <span class='ocrx_word' id='word_1_151' title='bbox 744 2371 815 2457; x_wconf 91' lang='lat' dir='ltr'>qui,</span> <span class='ocrx_word' id='word_1_152' title='bbox 837 2370 996 2437; x_wconf 83' lang='lat' dir='ltr'>Iudaicam</span> <span class='ocrx_word' id='word_1_153' title='bbox 1016 2376 1141 2437; x_wconf 88' lang='lat' dir='ltr'>secutus</span> <span class='ocrx_word' id='word_1_154' title='bbox 1163 2388 1220 2437; x_wconf 89' lang='lat' dir='ltr'>no-</span> 
     </span>
     <span class='ocr_line' id='line_1_20' title="bbox 51 2485 1221 2572; baseline 0.001 -19"><span class='ocrx_word' id='word_1_155' title='bbox 51 2488 200 2571; x_wconf 78' lang='lat' dir='ltr'>vitatem,</span> <span class='ocrx_word' id='word_1_156' title='bbox 229 2485 315 2553; x_wconf 86' lang='lat' dir='ltr'>mille</span> <span class='ocrx_word' id='word_1_157' title='bbox 338 2506 491 2553; x_wconf 85' lang='lat' dir='ltr'>annorum</span> <span class='ocrx_word' id='word_1_158' title='bbox 512 2486 651 2553; x_wconf 86' lang='lat' dir='ltr'>fabulam</span> <span class='ocrx_word' id='word_1_159' title='bbox 673 2486 863 2571; x_wconf 82' lang='lat' dir='ltr'>introduxit,</span> <span class='ocrx_word' id='word_1_160' title='bbox 885 2487 921 2552; x_wconf 90' lang='lat' dir='ltr'>in</span> <span class='ocrx_word' id='word_1_161' title='bbox 943 2486 1056 2572; x_wconf 89' lang='lat' dir='ltr'>quibus</span> <span class='ocrx_word' id='word_1_162' title='bbox 1077 2490 1151 2572; x_wconf 91' lang='lat' dir='ltr'>post</span> <span class='ocrx_word' id='word_1_163' title='bbox 1170 2507 1221 2554; x_wconf 90' lang='lat' dir='ltr'>re-</span> 
     </span>
     <span class='ocr_line' id='line_1_21' title="bbox 53 2602 1219 2687; baseline -0.002 -16"><span class='ocrx_word' id='word_1_164' title='bbox 53 2602 279 2671; x_wconf 75' lang='lat' dir='ltr'>mrrectionenr</span> <span class='ocrx_word' id='word_1_165' title='bbox 309 2602 355 2669; x_wconf 90' lang='lat' dir='ltr'>ait</span> <span class='ocrx_word' id='word_1_166' title='bbox 381 2602 551 2670; x_wconf 86' lang='lat' dir='ltr'>Dominum</span> <span class='ocrx_word' id='word_1_167' title='bbox 580 2604 735 2670; x_wconf 88' lang='lat' dir='ltr'>incarne</span> <span class='ocrx_word' id='word_1_168' title='bbox 762 2621 835 2669; x_wconf 89' lang='lat' dir='ltr'>cum</span> <span class='ocrx_word' id='word_1_169' title='bbox 862 2602 980 2669; x_wconf 91' lang='lat' dir='ltr'>sanctis</span> <span class='ocrx_word' id='word_1_170' title='bbox 1007 2608 1219 2687; x_wconf 79' lang='lat' dir='ltr'>regnaturum.</span> 
     </span>
     <span class='ocr_line' id='line_1_22' title="bbox 55 2718 1327 2808; baseline -0.001 -21"><span class='ocrx_word' id='word_1_171' title='bbox 55 2718 232 2808; x_wconf 78' lang='lat' dir='ltr'>Cyprianus</span> <span class='ocrx_word' id='word_1_172' title='bbox 261 2719 419 2786; x_wconf 64' lang='lat' dir='ltr'>contario</span> <span class='ocrx_word' id='word_1_173' title='bbox 446 2720 542 2787; x_wconf 91' lang='lat' dir='ltr'>sentit</span> <span class='ocrx_word' id='word_1_174' title='bbox 570 2720 608 2786; x_wconf 94' lang='lat' dir='ltr'>de</span> <span class='ocrx_word' id='word_1_175' title='bbox 634 2718 868 2807; x_wconf 86' lang='lat' dir='ltr'>rebaptizandis</span> <span class='ocrx_word' id='word_1_176' title='bbox 895 2718 961 2802; x_wconf 89' lang='lat' dir='ltr'>bis,</span> <span class='ocrx_word' id='word_1_177' title='bbox 989 2719 1044 2804; x_wconf 89' lang='lat' dir='ltr'>qni</span> <span class='ocrx_word' id='word_1_178' title='bbox 1069 2719 1223 2805; x_wconf 87' lang='lat' dir='ltr'>baptizati</span> <span class='ocrx_word' id='word_1_179' title='bbox 1321 2758 1327 2763; x_wconf 91' lang='lat'>-</span> 
     </span>
     <span class='ocr_line' id='line_1_23' title="bbox 54 2834 1222 2921; baseline 0 -18"><span class='ocrx_word' id='word_1_180' title='bbox 54 2842 124 2904; x_wconf 89' lang='lat' dir='ltr'>snnt</span> <span class='ocrx_word' id='word_1_181' title='bbox 147 2836 191 2904; x_wconf 88' lang='lat' dir='ltr'>ab</span> <span class='ocrx_word' id='word_1_182' title='bbox 213 2836 375 2916; x_wconf 84' lang='lat' dir='ltr'>hereticis3</span> <span class='ocrx_word' id='word_1_183' title='bbox 399 2841 448 2901; x_wconf 91' lang='lat' dir='ltr'>set</span> <span class='ocrx_word' id='word_1_184' title='bbox 469 2856 607 2903; x_wconf 88' lang='lat' dir='ltr'>errorem</span> <span class='ocrx_word' id='word_1_185' title='bbox 629 2856 721 2902; x_wconf 88' lang='lat' dir='ltr'>snum</span> <span class='ocrx_word' id='word_1_186' title='bbox 739 2834 892 2919; x_wconf 84' lang='lat' dir='ltr'>sanguine</span> <span class='ocrx_word' id='word_1_187' title='bbox 906 2834 1055 2921; x_wconf 81' lang='lat' dir='ltr'>expiavit</span> <span class='ocrx_word' id='word_1_188' title='bbox 1085 2836 1222 2903; x_wconf 87' lang='lat' dir='ltr'>Ambro-</span> 
     </span>
     <span class='ocr_line' id='line_1_24' title="bbox 55 2951 1220 3038; baseline -0.001 -18"><span class='ocrx_word' id='word_1_189' title='bbox 55 2954 117 3020; x_wconf 86' lang='lat' dir='ltr'>sius</span> <span class='ocrx_word' id='word_1_190' title='bbox 145 2957 182 3022; x_wconf 88' lang='lat' dir='ltr'>et</span> <span class='ocrx_word' id='word_1_191' title='bbox 201 2952 396 3019; x_wconf 86' lang='lat' dir='ltr'>Ieronimns·</span> <span class='ocrx_word' id='word_1_192' title='bbox 424 2952 463 3019; x_wconf 91' lang='lat' dir='ltr'>de</span> <span class='ocrx_word' id='word_1_193' title='bbox 491 2953 629 3037; x_wconf 82' lang='lat' dir='ltr'>digamia</span> <span class='ocrx_word' id='word_1_194' title='bbox 655 2952 852 3019; x_wconf 86' lang='lat' dir='ltr'>sacerdotnm</span> <span class='ocrx_word' id='word_1_195' title='bbox 873 2951 1020 3037; x_wconf 88' lang='lat' dir='ltr'>opposita</span> <span class='ocrx_word' id='word_1_196' title='bbox 1039 2951 1220 3038; x_wconf 85' lang='lat' dir='ltr'>loquuntur,</span> 
     </span>
     <span class='ocr_line' id='line_1_25' title="bbox 56 3067 1221 3155; baseline 0.001 -19"><span class='ocrx_word' id='word_1_197' title='bbox 56 3075 86 3136; x_wconf 90' lang='lat' dir='ltr'>et</span> <span class='ocrx_word' id='word_1_198' title='bbox 116 3090 212 3138; x_wconf 74' lang='lat' dir='ltr'>mam</span> <span class='ocrx_word' id='word_1_199' title='bbox 246 3070 377 3155; x_wconf 87' lang='lat' dir='ltr'>quisque</span> <span class='ocrx_word' id='word_1_200' title='bbox 411 3069 599 3137; x_wconf 84' lang='lat' dir='ltr'>sententiam</span> <span class='ocrx_word' id='word_1_201' title='bbox 631 3067 805 3135; x_wconf 83' lang='lat' dir='ltr'>fortissima</span> <span class='ocrx_word' id='word_1_202' title='bbox 830 3072 863 3135; x_wconf 90' lang='lat' dir='ltr'>ct</span> <span class='ocrx_word' id='word_1_203' title='bbox 882 3072 1034 3155; x_wconf 87' lang='lat' dir='ltr'>tanquam</span> <span class='ocrx_word' id='word_1_204' title='bbox 1061 3068 1221 3137; x_wconf 88' lang='lat' dir='ltr'>insolubili</span> 
     </span>
     <span class='ocr_line' id='line_1_26' title="bbox 57 3184 1221 3274; baseline 0 -21"><span class='ocrx_word' id='word_1_205' title='bbox 57 3187 284 3274; x_wconf 87' lang='lat' dir='ltr'>scripturarum</span> <span class='ocrx_word' id='word_1_206' title='bbox 306 3185 492 3253; x_wconf 66' lang='lat' dir='ltr'>ancwritate</span> <span class='ocrx_word' id='word_1_207' title='bbox 513 3190 628 3254; x_wconf 89' lang='lat' dir='ltr'>tuetur.</span> <span class='ocrx_word' id='word_1_208' title='bbox 658 3184 854 3269; x_wconf 77' lang='lat' dir='ltr'>Augustinus</span> <span class='ocrx_word' id='word_1_209' title='bbox 877 3190 909 3251; x_wconf 91' lang='lat' dir='ltr'>et</span> <span class='ocrx_word' id='word_1_210' title='bbox 923 3184 1096 3252; x_wconf 87' lang='lat' dir='ltr'>leronimus</span> <span class='ocrx_word' id='word_1_211' title='bbox 1117 3186 1157 3253; x_wconf 92' lang='lat' dir='ltr'>de</span> <span class='ocrx_word' id='word_1_212' title='bbox 1173 3207 1221 3270; x_wconf 89' lang='lat' dir='ltr'>eo,</span> 
     </span>
     <span class='ocr_line' id='line_1_27' title="bbox 59 3301 1221 3389; baseline 0.002 -20"><span class='ocrx_word' id='word_1_213' title='bbox 59 3304 137 3389; x_wconf 85' lang='lat' dir='ltr'>quod</span> <span class='ocrx_word' id='word_1_214' title='bbox 166 3301 285 3369; x_wconf 86' lang='lat' dir='ltr'>Paulus</span> <span class='ocrx_word' id='word_1_215' title='bbox 313 3302 407 3369; x_wconf 83' lang='lat' dir='ltr'>Petro</span> <span class='ocrx_word' id='word_1_216' title='bbox 437 3302 470 3367; x_wconf 93' lang='lat' dir='ltr'>in</span> <span class='ocrx_word' id='word_1_217' title='bbox 498 3302 612 3369; x_wconf 83' lang='lat' dir='ltr'>faeiem</span> <span class='ocrx_word' id='word_1_218' title='bbox 639 3301 771 3386; x_wconf 92' lang='lat' dir='ltr'>restitit,</span> <span class='ocrx_word' id='word_1_219' title='bbox 806 3302 902 3369; x_wconf 88' lang='lat' dir='ltr'>variis</span> <span class='ocrx_word' id='word_1_220' title='bbox 930 3307 962 3369; x_wconf 89' lang='lat' dir='ltr'>et</span> <span class='ocrx_word' id='word_1_221' title='bbox 988 3301 1221 3371; x_wconf 77' lang='lat' dir='ltr'>dissonantibus</span> 
     </span>
     <span class='ocr_line' id='line_1_28' title="bbox 58 3417 1222 3507; baseline 0.001 -21"><span class='ocrx_word' id='word_1_222' title='bbox 58 3420 183 3507; x_wconf 81' lang='lat' dir='ltr'>seriptis</span> <span class='ocrx_word' id='word_1_223' title='bbox 205 3418 300 3504; x_wconf 90' lang='lat' dir='ltr'>longa</span> <span class='ocrx_word' id='word_1_224' title='bbox 321 3418 519 3486; x_wconf 85' lang='lat' dir='ltr'>contentione</span> <span class='ocrx_word' id='word_1_225' title='bbox 541 3418 764 3485; x_wconf 89' lang='lat' dir='ltr'>dissenserunt.</span> <span class='ocrx_word' id='word_1_226' title='bbox 854 3417 926 3485; x_wconf 90' lang='lat' dir='ltr'>Non</span> <span class='ocrx_word' id='word_1_227' title='bbox 947 3439 1021 3504; x_wconf 88' lang='lat' dir='ltr'>ergo</span> <span class='ocrx_word' id='word_1_228' title='bbox 1043 3419 1170 3505; x_wconf 85' lang='lat' dir='ltr'>mirum,</span> <span class='ocrx_word' id='word_1_229' title='bbox 1193 3421 1222 3487; x_wconf 90' lang='lat' dir='ltr'>si</span> 
     </span>
     <span class='ocr_line' id='line_1_29' title="bbox 59 3534 1223 3623; baseline 0 -20"><span class='ocrx_word' id='word_1_230' title='bbox 59 3534 252 3623; x_wconf 80' lang='lat' dir='ltr'>philosophi⁰</span> <span class='ocrx_word' id='word_1_231' title='bbox 274 3536 430 3620; x_wconf 89' lang='lat' dir='ltr'>gentium,</span> <span class='ocrx_word' id='word_1_232' title='bbox 453 3535 596 3602; x_wconf 87' lang='lat' dir='ltr'>doctrina</span> <span class='ocrx_word' id='word_1_233' title='bbox 617 3534 795 3601; x_wconf 89' lang='lat' dir='ltr'>litterarum</span> <span class='ocrx_word' id='word_1_234' title='bbox 814 3534 975 3603; x_wconf 85' lang='lat' dir='ltr'>mirabiles</span> <span class='ocrx_word' id='word_1_235' title='bbox 997 3536 1163 3620; x_wconf 85' lang='lat' dir='ltr'>cogitando</span> <span class='ocrx_word' id='word_1_236' title='bbox 1185 3556 1223 3603; x_wconf 90' lang='lat' dir='ltr'>ac</span> 
     </span>
     <span class='ocr_line' id='line_1_30' title="bbox 61 3650 1223 3740; baseline 0 -21"><span class='ocrx_word' id='word_1_237' title='bbox 61 3651 245 3740; x_wconf 67' lang='lat' dir='ltr'>disputsmo</span> <span class='ocrx_word' id='word_1_238' title='bbox 267 3651 410 3719; x_wconf 83' lang='lat' dir='ltr'>veritatis</span> <span class='ocrx_word' id='word_1_239' title='bbox 438 3651 639 3737; x_wconf 83' lang='lat' dir='ltr'>inquisitores</span> <span class='ocrx_word' id='word_1_240' title='bbox 667 3655 715 3717; x_wconf 88' lang='lat' dir='ltr'>set</span> <span class='ocrx_word' id='word_1_241' title='bbox 742 3656 848 3717; x_wconf 88' lang='lat' dir='ltr'>tamen</span> <span class='ocrx_word' id='word_1_242' title='bbox 876 3652 1057 3719; x_wconf 83' lang='lat' dir='ltr'>inveniendi</span> <span class='ocrx_word' id='word_1_243' title='bbox 1078 3650 1223 3719; x_wconf 84' lang='lat' dir='ltr'>effectum</span> 
     </span>
     <span class='ocr_line' id='line_1_31' title="bbox 60 3768 1222 3854; baseline 0 -19"><span class='ocrx_word' id='word_1_244' title='bbox 60 3768 187 3837; x_wconf 84' lang='lat' dir='ltr'>minime</span> <span class='ocrx_word' id='word_1_245' title='bbox 213 3772 430 3854; x_wconf 75' lang='lat' dir='ltr'>assequentes,</span> <span class='ocrx_word' id='word_1_246' title='bbox 464 3770 546 3836; x_wconf 89' lang='lat' dir='ltr'>inter</span> <span class='ocrx_word' id='word_1_247' title='bbox 575 3788 609 3835; x_wconf 93' lang='lat' dir='ltr'>se</span> <span class='ocrx_word' id='word_1_248' title='bbox 638 3773 671 3834; x_wconf 91' lang='lat' dir='ltr'>et</span> <span class='ocrx_word' id='word_1_249' title='bbox 697 3770 807 3834; x_wconf 87' lang='lat' dir='ltr'>contra</span> <span class='ocrx_word' id='word_1_250' title='bbox 834 3787 869 3834; x_wconf 90' lang='lat' dir='ltr'>se</span> <span class='ocrx_word' id='word_1_251' title='bbox 895 3768 1167 3854; x_wconf 85' lang='lat' dir='ltr'>discordaverunt,</span> <span class='ocrx_word' id='word_1_252' title='bbox 1194 3770 1222 3835; x_wconf 92' lang='lat' dir='ltr'>si</span> 
     </span>
     <span class='ocr_line' id='line_1_32' title="bbox 61 3884 1221 3970; baseline -0.003 -17"><span class='ocrx_word' id='word_1_253' title='bbox 61 3884 171 3970; x_wconf 79' lang='lat' dir='ltr'>phisici</span> <span class='ocrx_word' id='word_1_254' title='bbox 197 3889 308 3953; x_wconf 86' lang='lat' dir='ltr'>contra</span> <span class='ocrx_word' id='word_1_255' title='bbox 333 3884 450 3970; x_wconf 87' lang='lat' dir='ltr'>logicos</span> <span class='ocrx_word' id='word_1_256' title='bbox 481 3890 513 3952; x_wconf 92' lang='lat' dir='ltr'>et</span> <span class='ocrx_word' id='word_1_257' title='bbox 538 3884 631 3969; x_wconf 92' lang='lat' dir='ltr'>logici</span> <span class='ocrx_word' id='word_1_258' title='bbox 659 3888 770 3952; x_wconf 90' lang='lat' dir='ltr'>contra</span> <span class='ocrx_word' id='word_1_259' title='bbox 798 3886 917 3953; x_wconf 90' lang='lat' dir='ltr'>ethicos</span> <span class='ocrx_word' id='word_1_260' title='bbox 945 3885 1110 3969; x_wconf 53' lang='lat' dir='ltr'>&amp;dedisti</span> <span class='ocrx_word' id='word_1_261' title='bbox 1137 3889 1221 3951; x_wconf 85' lang='lat' dir='ltr'>sont</span> 
     </span>
    </p>
   </div>
   <div class='ocr_carea' id='block_1_3' title="bbox 64 3998 1224 4229">
    <p class='ocr_par' dir='ltr' id='par_1_5' title="bbox 64 3998 1224 4229">
     <span class='ocr_line' id='line_1_33' title="bbox 64 3998 1224 4089; baseline 0.001 -21"><span class='ocrx_word' id='word_1_262' title='bbox 64 3998 113 4069; x_wconf 83' lang='lat' dir='ltr'>tet</span> <span class='ocrx_word' id='word_1_263' title='bbox 126 4004 162 4070; x_wconf 91' lang='lat' dir='ltr'>in</span> <span class='ocrx_word' id='word_1_264' title='bbox 176 4002 306 4089; x_wconf 89' lang='lat' dir='ltr'>phisicis</span> <span class='ocrx_word' id='word_1_265' title='bbox 326 4020 363 4067; x_wconf 86' lang='lat' dir='ltr'>sc</span> <span class='ocrx_word' id='word_1_266' title='bbox 380 4000 489 4087; x_wconf 78' lang='lat' dir='ltr'>logicis</span> <span class='ocrx_word' id='word_1_267' title='bbox 505 4001 783 4088; x_wconf 86' lang='lat' dir='ltr'>disceptationibus</span> <span class='ocrx_word' id='word_1_268' title='bbox 799 4008 831 4069; x_wconf 91' lang='lat' dir='ltr'>et</span> <span class='ocrx_word' id='word_1_269' title='bbox 844 4001 1116 4069; x_wconf 83' lang='lat' dir='ltr'>contrarietatibus</span> <span class='ocrx_word' id='word_1_270' title='bbox 1130 4001 1224 4069; x_wconf 83' lang='lat' dir='ltr'>venia</span> 
     </span>
     <span class='ocr_line' id='line_1_34' title="bbox 65 4116 1221 4229; baseline 0.002 -46"><span class='ocrx_word' id='word_1_271' title='bbox 65 4119 186 4187; x_wconf 86' lang='lat' dir='ltr'>concedi</span> <span class='ocrx_word' id='word_1_272' title='bbox 207 4122 345 4229; x_wconf 71' lang='lat' dir='ltr'>poterat,</span> <span class='ocrx_word' id='word_1_273' title='bbox 374 4120 463 4207; x_wconf 90' lang='lat' dir='ltr'>quia,</span> <span class='ocrx_word' id='word_1_274' title='bbox 492 4118 558 4184; x_wconf 88' lang='lat' dir='ltr'>sive</span> <span class='ocrx_word' id='word_1_275' title='bbox 586 4116 704 4205; x_wconf 88' lang='lat' dir='ltr'>aliquid</span> <span class='ocrx_word' id='word_1_276' title='bbox 727 4119 887 4204; x_wconf 85' lang='lat' dir='ltr'>dicebant,</span> <span class='ocrx_word' id='word_1_277' title='bbox 914 4117 1013 4185; x_wconf 92' lang='lat' dir='ltr'>nichil</span> <span class='ocrx_word' id='word_1_278' title='bbox 1034 4116 1221 4204; x_wconf 84' lang='lat' dir='ltr'>proderant3</span> 
     </span>
    </p>
   </div>
   <div class='ocr_carea' id='block_1_4' title="bbox 129 4269 858 4330">
    <p class='ocr_par' dir='ltr' id='par_1_6' title="bbox 129 4269 858 4330">
     <span class='ocr_line' id='line_1_35' title="bbox 129 4269 858 4330; baseline -0.001 -13"><span class='ocrx_word' id='word_1_279' title='bbox 129 4284 150 4317; x_wconf 74' lang='lat' dir='ltr'>a</span> <span class='ocrx_word' id='word_1_280' title='bbox 169 4270 294 4318; x_wconf 81' lang='lat' dir='ltr'>leroninns</span> <span class='ocrx_word' id='word_1_281' title='bbox 310 4288 330 4316; x_wconf 81' lang='lat' dir='ltr'>c.</span> <span class='ocrx_word' id='word_1_282' title='bbox 390 4269 413 4315; x_wconf 91' lang='lat' dir='ltr'>b.</span> <span class='ocrx_word' id='word_1_283' title='bbox 428 4269 585 4330; x_wconf 85' lang='lat' dir='ltr'>Ypponenssis</span> <span class='ocrx_word' id='word_1_284' title='bbox 601 4288 620 4317; x_wconf 80' lang='lat' dir='ltr'>o.</span> <span class='ocrx_word' id='word_1_285' title='bbox 683 4283 702 4316; x_wconf 86' lang='lat' dir='ltr'>c</span> <span class='ocrx_word' id='word_1_286' title='bbox 717 4269 823 4330; x_wconf 86' lang='lat' dir='ltr'>philophi</span> <span class='ocrx_word' id='word_1_287' title='bbox 838 4287 858 4316; x_wconf 76' lang='lat' dir='ltr'>c.</span> 
     </span>
    </p>
   </div>
   <div class='ocr_carea' id='block_1_5' title="bbox 130 4362 1005 4436">
    <p class='ocr_par' dir='ltr' id='par_1_7' title="bbox 130 4362 1005 4436">
     <span class='ocr_line' id='line_1_36' title="bbox 130 4362 1005 4436; baseline -0.001 -16"><span class='ocrx_word' id='word_1_288' title='bbox 130 4368 154 4420; x_wconf 92' lang='lat'>1.</span> <span class='ocrx_word' id='word_1_289' title='bbox 173 4362 217 4424; x_wconf 74' lang='lat' dir='ltr'>(tl.</span> <span class='ocrx_word' id='word_1_290' title='bbox 235 4364 356 4423; x_wconf 83' lang='lat' dir='ltr'>Senecae</span> <span class='ocrx_word' id='word_1_291' title='bbox 373 4380 418 4435; x_wconf 88' lang='lat' dir='ltr'>ep.</span> <span class='ocrx_word' id='word_1_292' title='bbox 432 4364 455 4421; x_wconf 91' lang='lat'>1.</span> <span class='ocrx_word' id='word_1_293' title='bbox 470 4364 536 4436; x_wconf 63' lang='grc' dir='ltr'>Μ,</span> <span class='ocrx_word' id='word_1_294' title='bbox 608 4366 635 4423; x_wconf 78' lang='lat'>2.</span> <span class='ocrx_word' id='word_1_295' title='bbox 653 4362 694 4421; x_wconf 76' lang='lat' dir='ltr'>(lt</span> <span class='ocrx_word' id='word_1_296' title='bbox 713 4364 826 4421; x_wconf 86' lang='lat' dir='ltr'>Denter.</span> <span class='ocrx_word' id='word_1_297' title='bbox 841 4366 885 4434; x_wconf 75' lang='lat'>21,</span> <span class='ocrx_word' id='word_1_298' title='bbox 904 4363 1005 4419; x_wconf 68' lang='lat'><strong>1213.</strong></span> 
     </span>
    </p>
   </div>
   <div class='ocr_carea' id='block_1_6' title="bbox 0 0 1573 4859">
    <p class='ocr_par' dir='ltr' id='par_1_8' title="bbox 0 0 1573 4859">
     <span class='ocr_line' id='line_1_37' title="bbox 0 0 1573 4859; baseline 0 0"><span class='ocrx_word' id='word_1_299' title='bbox 0 0 1573 4859; x_wconf 95' lang='lat' dir='ltr'> </span> 
     </span>
    </p>
   </div>
  </div>
 </body>
</html>
