3117 4859
306 246 348 315 10
711 261 926 312 8888888888
947 262 976 312 8.
991 262 1064 311 urm

145 409 287 469 818-’888
303 410 487 494 potuerunt,
515 406 578 473 nisi
606 405 689 491 quod
715 402 828 489 religio
855 407 965 472 saneta
985 405 1021 471 in
1041 403 1110 472 looo
1131 405 1256 473 doberto
1276 404 1467 473 tradebatur.

302 524 385 591 Num
406 523 493 590 loono
515 524 562 590 ita
583 522 690 589 aridus
713 528 791 607 8881,
813 527 850 589 ut
870 541 930 589 neo
949 522 1069 589 vietum
1089 540 1148 589 neo
1167 523 1390 589 veetimmtum
1409 520 1468 589 ibi-

303 638 374 708 dem
397 640 538 706 invenire
559 644 699 726 possent„
721 638 786 705 nioi
808 643 961 724 quantum
974 638 1136 726 praefatur
1150 638 1232 707 abba
1246 639 1468 707 amonueterio

302 758 430 844 proprio
465 756 579 824 deferri
612 754 757 823 faciebat
802 754 986 839 Augebatur
1018 758 1125 822 tumen
1153 754 1292 841 quotidie
1320 776 1468 824 numerus

302 873 527 941 monaeborum
560 892 600 939 ex
632 870 828 939 nobilissimo
864 871 1025 939 Saxonum
1058 892 1189 957 gonere3
1221 873 1314 960 pueri
1346 891 1469 959 quoque

302 990 402 1059 bonae
429 988 545 1056 indolis
572 988 793 1056 nutriebantur
815 989 950 1076 optimo3
980 993 1012 1055 et
1033 987 1109 1056 lieet
1129 988 1242 1076 opibue
1265 994 1467 1077 888881888-
1498 975 1500 977 ’

300 1126 402 1195 poree,
424 1105 576 1189 religione
597 1110 721 1172 tamen·
743 1110 854 1172 saneta
873 1104 1043 1193 pollebant

388 1221 468 1289 Erat
490 1241 526 1288 eo
548 1225 690 1308 tempore
706 1219 908 1307 Adalberme,
930 1220 981 1288 uir
994 1220 1171 1306 religiosus,
1193 1220 1336 1308 praefato
1350 1220 1386 1287 in
1398 1219 1467 1289 loeo

299 1340 512 1426 praepositus,
541 1337 595 1423 qui
622 1356 694 1403 oum
717 1342 876 1404 aestuaret
898 1337 1058 1423 angustia,
1087 1357 1124 1404 eo
1147 1338 1231 1423 quod
1251 1358 1316 1405 non
1337 1338 1468 1406 baberet

225 1460 231 1475 ’
299 1455 340 1521 ad
361 1474 440 1542 opus
455 1454 589 1521 fratrum
606 1454 773 1541 stipendia,
797 1454 901 1542 eoepit
916 1454 955 1521 de
969 1454 1143 1521 mutatione
1156 1452 1219 1520 looi
1233 1454 1387 1539 cogitore3
1411 1454 1467 1521 aad

298 1570 352 1639 ubi
367 1570 417 1639 uel
433 1570 577 1656 qualiter,
597 1570 739 1638 invenire
753 1570 911 1656 nequibat
947 1570 1011 1639 Sed
1024 1591 1097 1638 oum
1110 1590 1226 1655 magna
1238 1570 1466 1638 habitatoribus

297 1688 458 1773 ingrueret
484 1687 670 1771 necessitas,
701 1687 741 1753 ad
767 1686 828 1754 boo
852 1691 983 1754 rentum
1010 1692 1075 1772 est,
1102 1692 1140 1754 ut
1160 1707 1196 1754 88
1216 1688 1251 1753 18
1271 1692 1337 1755 trae
1359 1692 1466 1773 partae

298 1805 475 1872 diuiderent
497 1823 569 1870 eum
589 1802 748 1889 prioribus
771 1803 912 1889 singulis.
947 1804 1077 1871 Interim
1097 1804 1270 1871 neooaeitar
1283 1804 1420 1871 uertitur
1432 1804 1467 1871 iu

297 1921 501 2005 uoluntatem,
525 1939 633 1986 omnes
656 1920 777 2006 puriter
799 1921 838 1987 do
852 1922 1027 1988 mutatione
1040 1920 1102 1987 looi
1115 1919 1271 1989 trootareb
1285 1924 1464 2007 ooopemnt

384 2034 486 2104 Affuit
507 2037 630 2103 interea
651 2036 763 2102 811881ι
787 2037 833 2103 818
853 2038 889 2104 18
910 2040 1001 2104 tantu
1021 2037 1209 2105 ueoeoeitate
1229 2036 1342 2125 ponitis
1359 2036 1467 2104 divina

226 2170 277 2225 881
297 2154 472 2223 elementia
506 2152 660 2220 Ascendit
681 2152 765 2221 enim
787 2154 822 2220 in
843 2172 898 2220 oor
912 2153 1007 2239 regia,
1029 2159 1067 2220 ut
1079 2159 1241 2221 revocaret
1255 2153 1467 2222 venerabilem

296 2272 401 2337 uirum
422 2270 640 2337 Adalhardum
666 2290 771 2336 senem
796 2275 828 2336 et
849 2270 1030 2337 restitueret
1050 2270 1081 2337 81
1103 2290 1229 2339 omnem
1248 2270 1387 2358 priorem
1409 2270 1466 2337 bo-

237 2378 246 2387 ’
296 2408 403 2454 norem
428 2393 460 2455 ot
480 2386 580 2453 multo
603 2406 676 2453 eum
698 2385 849 2474 amplius,
879 2406 973 2472 quam
994 2374 1134 2473 unq'uam
1156 2393 1251 2455 antee
1270 2386 1390 2472 iuerat,
1412 2406 1466 2453 ou-

295 2503 451 2572 blimaret
497 2502 557 2583 Qui
579 2523 651 2570 oum
679 2502 744 2569 iam
767 2502 867 2569 dietoo
893 2502 1063 2571 monaoboa
1090 2504 1126 2570 in
1151 2508 1242 2571 88888
1268 2503 1468 2587 eognovimet

295 2621 429 2709 penuria
450 2641 529 2705 8888,
552 2640 624 2687 oum
647 2620 732 2685 omni
753 2618 955 2687 festinatione
975 2620 1073 2705 mitit,
1095 2620 1174 2687 dano
1189 2619 1335 2708 pretimm
1357 2620 1466 2688 iussit·

297 2758 367 2825 que,
390 2742 426 2805 ut
448 2737 548 2805 eioubi
570 2737 787 2803 invenirentur
808 2756 917 2804 eerrae
940 2736 1142 2822 oneriferee‘‚
1166 2740 1199 2803 ot
1219 2741 1285 2803 tam
1307 2756 1466 2804 annonam

296 2874 390 2942 quam
412 2855 508 2922 boreo
531 2858 751 2940 compararent
773 2857 806 2919 et
826 2872 899 2919 oum
919 2852 1121 2921 festinatione
1142 2852 1374 2921 laborantibus·
1391 2853 1465 2921 rub-

294 2973 448 3039 ronirent.
526 2969 602 3037 Post
629 2968 708 3035 haee
736 2969 868 3035 aeoeosit
896 2969 937 3035 ad
963 2970 1187 3058 imperatorem
1210 2974 1243 3036 ot
1262 2970 1401 3054 rogavit,
1428 2974 1466 3037 ut

295 3088 386 3156 oneo
406 3086 578 3170 libentium
602 3104 752 3170 quaerere
774 3084 859 3151 inter
879 3084 937 3153 illa
952 3086 1031 3171 loea,
1055 3106 1136 3172 quae
1150 3086 1192 3151 ad
1204 3106 1240 3153 oe
1253 3085 1465 3172 pertinebunt,

295 3204 323 3271 81
349 3205 431 3271 forte
458 3206 567 3290 poesot
593 3200 708 3269 alicubi
728 3202 763 3268 in
785 3202 929 3289 praefata
949 3204 1077 3288 regione
1098 3202 1203 3269 looum
1222 3203 1382 3287 invenire,
1409 3202 1465 3271 ubi

294 3319 521 3387 monasterium
543 3318 605 3384 rite
628 3316 697 3385 fieri
718 3324 842 3404 poaeet3
871 3319 956 3404 quod
978 3340 997 3386 a
1018 3320 1073 3407 pio
1093 3319 1238 3407 principe
1259 3319 1369 3386 mutim
1389 3339 1465 3386 oon·

295 3455 418 3503 oeoaum
441 3440 498 3501 ost.
523 3434 605 3501 Tum
625 3435 815 3503 venerabilia
838 3436 929 3520 abba,
953 3441 1082 3523 aooepta
1101 3434 1241 3520 liuentia,
1263 3436 1409 3523 pervenit
1429 3435 1465 3503 in

293 3556 400 3640 partes
430 3551 587 3618 Senoniae
615 3570 679 3619 uno
708 3572 779 3619 oum
800 3550 933 3620 Walone
959 3552 1058 3619 fratre
1085 3572 1152 3619 ouo.
1197 3553 1265 3631 Quo
1292 3571 1365 3619 oum
1390 3571 1463 3640 per·

295 3668 469 3752 uenissent,
504 3668 681 3734 didicerunt
710 3668 922 3754 ababtibus,
953 3670 1027 3755 quia
1053 3674 1123 3737 erat
1148 3668 1237 3736 loouo
1261 3668 1341 3735 sitm
1368 3689 1464 3757 nuper

293 3783 424 3853 fluuium
438 3782 570 3869 Wisera,
592 3784 628 3850 in
648 3804 731 3870 pago
746 3784 925 3872 Augueme,
949 3786 1004 3872 qui
1024 3785 1204 3874 pertinebat
1225 3784 1267 3851 ad
1287 3784 1397 3853 villam
1412 3786 1463 3853 oui

293 3902 480 3971 rooabulum
502 3906 552 3968 eet
571 3896 730 3983 Huxere¹3
754 3902 837 3987 quod
862 3908 895 3970 et
915 3907 1010 3969 antea
1032 3902 1160 3988 quidem
1182 3902 1368 3969 audiverant
1383 3907 1416 3970 et
1429 3902 1464 3969 id

293 4021 398 4107 ipsum
418 4016 604 4107 imperatori
625 4016 850 4085 indicaverunt
896 4019 1004 4086 lerunt
1025 4039 1110 4103 ergo,
1133 4023 1166 4085 et
1187 4018 1316 4104 quidem
1337 4038 1378 4086 ex
1399 4019 1463 4085 fra-

362 4197 619 4245 annaneane.
685 4196 861 4245 btruderet.
926 4211 947 4244 o.
969 4155 1145 4245 eumen.
1212 4196 1463 4245 amoime.

294 4292 314 4325 8.
333 4278 468 4327 neumae
483 4275 592 4325 inmelim'e
608 4278 679 4337 ipro
695 4290 748 4325 oum
765 4300 791 4309 -
807 4277 970 4327 hboruntibua

364 4382 389 4437 1.
407 4380 521 4439 beter.
555 4418 560 4429 .
