3117 4859
335 243 402 312 tot
713 259 863 308 wmannr
883 257 1048 312 namneus
1070 257 1124 308 ur.

247 407 318 545 1153
335 402 407 488 liea,
430 401 544 470 dilecto
566 401 601 470 ln
623 400 748 470 Christo
770 400 871 468 sodali
896 405 930 468 at
950 400 1051 468 amieo
1073 421 1131 470 sae
1152 400 1329 484 quinrico)
1352 403 1496 488 magistro

276 496 441 606 ¹''regiae
463 519 569 586 euriae
590 518 724 602 notario,
746 523 833 586 reete
853 516 993 586 iudiusra
1014 517 1098 586 iuter
1118 515 1200 586 lilios
1220 515 1417 588 hominum&

423 634 546 704 Placuit
573 635 742 704 eruditioni
767 639 857 718 tuae,
890 634 1079 704 ameriam
1106 653 1165 702 nos
1198 639 1232 703 ιι
1257 636 1498 722 ineonstmtiaa,

333 753 497 842 proposita
509 750 744 839 philosophias·
763 751 931 835 sententia,
952 755 1115 838 tamquam
1128 755 1204 819 neta
1217 752 1384 820 sensoria*
1398 753 1500 820 redar-

333 890 444 955 guere,
471 889 530 956 pro
552 887 588 936 eo
612 867 746 952 scilieet,
769 865 853 954 quod
875 866 949 952 tibi,
971 872 1008 935 nt
1029 869 1159 953 asseris,
1187 868 1314 936 nudas
1342 868 1500 938 litteras

333 986 575 1070 transmisimus,
589 989 621 1052 ιι
635 985 786 1051 domnum
795 981 1087 1070 Bavenbergensem
1100 985 1294 1072 episcopum,
1311 987 1420 1052 ιίιιιιιι
1430 1005 1500 1072 pra-

334 1104 459 1173 dentem
482 1108 576 1190 atque
590 1104 797 1185 constantem,
820 1099 862 1168 ad
874 1099 1062 1185 legationem
1078 1100 1199 1168 demini
1212 1102 1317 1170 nostri
1331 1102 1420 1187 ragis
1434 1123 1500 1189 pa·

334 1219 487 1305 agendam
508 1219 573 1286 iam
596 1218 780 1301 aeeinetnm,
802 1216 1042 1284 retardavimus.
1076 1217 1208 1302 Vulgari
1224 1218 1400 1305 proverbio
1422 1219 1500 1306 apud

333 1357 391 1406 nos
413 1337 538 1420 dieitur,
562 1333 645 1420 qued
667 1333 735 1417 tibi,
757 1332 833 1400 lieet
853 1333 1048 1419 inueneinne,
1070 1332 1198 1403 everte
1215 1335 1394 1404 trmrsferra
1415 1355 1500 1404 eura

333 1453 451 1521 bimus:
481 1452 569 1520 Mola
597 1453 709 1518 audire
726 1451 817 1537 fouit
842 1452 925 1518 mulo
949 1451 1136 1538 autam,
1165 1465 1194 1518 et
1219 1453 1303 1520 mule
1330 1454 1501 1540 inultique

323 1571 411 1656 fauit
433 1591 548 1636 mure.

423 1683 584 1770 Siquidem
607 1683 751 1750 deminus
773 1685 882 1750 noster
903 1702 970 1768 ran,
992 1687 1140 1771 presente
1161 1687 1194 1751 ιι
1212 1691 1376 1752 monente
1389 1686 1499 1754 domno

332 1799 605 1886 Barambergensi,
622 1800 669 1868 ita
682 1801 893 1866 instrumenta
906 1799 1056 1884 legationi
1070 1801 1248 1867 nemssaria
1262 1801 1438 1888 ordinavit,
1458 1809 1498 1888 ul,

332 1924 498 2010 postquam
523 1917 653 1984 anobis
679 1916 847 2000 diligenter
872 1915 1013 2003 perfetta
1037 1917 1188 2002 fuissem,
1214 1916 1371 1986 Αιιιιιιιιο
1400 1919 1498 1986 tillim

333 2035 475 2123 Aquensi
489 2033 789 2116 transmitterentur,
810 2031 997 2120 perferenda
1014 2052 1073 2119 per
1086 2033 1192 2120 ipsum
1205 2053 1306 2120 usque
1323 2035 1367 2101 ad
1382 2034 1497 2104 Barea

333 2153 526 2237 bergensem.
562 2149 652 2230 Quod
672 2169 731 2217 nos
753 2168 825 2216 oum
846 2150 987 2216 maxima
1000 2155 1033 2217 ιι
1046 2150 1178 2217 instanti
1192 2149 1413 2221 sollieitudine
1432 2173 1498 2240 pur·

212 2292 316 2341 mara
332 2269 425 2337 liuere
447 2267 634 2336 studuimus.
668 2265 750 2332 Nam
773 2264 825 2332 die
847 2265 958 2351 quinta
977 2270 1051 2353 post
1072 2266 1192 2334 exitum
1206 2271 1350 2335 ιιιιιιιιι
1365 2269 1389 2336 ιι
1402 2270 1497 2354 notis,

332 2385 525 2473 Aquisgrani
546 2383 690 2452 dedimus
718 2400 816 2469 puero
838 2387 946 2448 nesto
969 2379 1091 2448 dodino
1116 2383 1340 2470 perierandum
1362 2385 1496 2470 siglllm

332 2507 517 2588 argenteum
537 2501 727 2589 perfeetum,
755 2517 796 2566 ne
819 2497 964 2566 videlieet
988 2498 1044 2566 illo
1064 2500 1185 2566 novitio
1212 2504 1246 2566 ιι
1264 2484 1332 2566 non
1353 2521 1496 2589 perman·

332 2641 406 2690 suro
434 2639 486 2687 res
509 2618 598 2703 regni
626 2617 744 2684 diutius
767 2614 1034 2699 consignarentur.
1123 2614 1173 2683 De
1193 2615 1309 2684 nudis
1331 2639 1413 2686 vero
1433 2618 1496 2688 lit·

331 2738 446 2823 teris,
474 2756 551 2824 quas
579 2755 651 2802 eum
679 2732 788 2801 endem
816 2731 919 2816 sigillo
943 2732 1102 2817 misimus,
1130 2730 1263 2800 leetoras
1286 2738 1320 2800 ιι
1340 2735 1496 2804 auditores

331 2853 525 2938 iudicabunt,
551 2857 659 2919 utrum
680 2849 847 2937 splendore
869 2848 1095 2915 sententiarum
1117 2853 1151 2916 ιι
1170 2851 1368 2918 ornamentis
1390 2853 1498 2920 verbn-

331 2993 403 3039 rum
423 2989 553 3059 prorsus
575 2967 678 3035 nudae
701 2967 774 3033 sint
809 2964 893 3043 Quas
915 2984 974 3031 nos
995 2968 1102 3033 ιιιιιιιι
1123 2985 1164 3032 ex
1184 2966 1272 3050 ragio
1294 2967 1500 3038 mandatust

332 3108 390 3175 pro
413 3088 632 3175 episcoporum
653 3082 810 3172 precibus,
832 3101 896 3148 non
918 3080 959 3147 ad
982 3081 1156 3149 docuinam
1177 3087 1332 3168 uestram
1361 3090 1415 3154 set
1435 3091 1498 3153 tan·

334 3223 428 3290 quam
449 3204 592 3290 picturae
614 3205 738 3269 vertrae
761 3197 894 3286 quedam
913 3196 1099 3266 liniamema
1112 3205 1244 3286 propter
1264 3203 1426 3269 materiae
1446 3221 1498 3270 ne·

333 3319 464 3386 uitatem
484 3319 585 3386 eeaeti
599 3315 839 3401 substravimus,
862 3319 895 3381 ιι
915 3314 1004 3382 vobis
1027 3315 1068 3382 ad
1081 3316 1232 3384 noticiam
1245 3335 1356 3384 rarum
1376 3337 1498 3388 oenu-

333 3435 469 3503 vandam
491 3434 710 3503 custodiendas
731 3431 974 3500 transmisimus.

212 3577 316 3627 nourr
420 3550 553 3620 Decima
574 3551 775 3639 postmodum
796 3551 859 3637 die,
879 3550 941 3618 hoe
961 3553 1010 3617 est
1030 3550 1065 3617 in
1086 3567 1165 3616 uena
1185 3547 1330 3635 Domini,
1361 3551 1501 3638 perlaeta

334 3673 407 3736 sunt
427 3667 619 3738 ferramenta
640 3669 681 3736 ud
703 3666 887 3737 bullandum
909 3668 949 3735 da
971 3685 1063 3749 anre;
1091 3685 1172 3754 qnae
1193 3664 1283 3734 uobis
1305 3687 1366 3755 per
1388 3688 1499 3757 propo

334 3786 430 3853 situm
459 3786 497 3854 ds
518 3784 630 3853 Marna
657 3785 715 3852 sub
744 3785 904 3854 eeleritate
929 3782 1172 3850 transmisimus.
1206 3781 1329 3852 Eadem
1350 3805 1430 3854 vero
1453 3786 1499 3854 dia

333 3903 477 3970 misimus
491 3901 633 3988 Aquensi
653 3901 758 3970 villieo
774 3901 914 3988 sigillum
928 3905 1103 3986 stagneum,
1125 3898 1292 3986 diligenter
1314 3920 1498 3989 expressum

334 4019 375 4086 ad
395 4019 530 4086 formam
552 4019 702 4103 argentei,
726 4025 758 4087 at
773 4020 850 4086 dnus
865 4017 966 4085 bullas
982 4037 1093 4084 aureas
1114 4016 1281 4103 perlectas,
1304 4037 1377 4084 cum
1398 4020 1497 4086 omni-

333 4133 391 4204 bus
413 4133 529 4202 litteris
552 4138 584 4202 et
605 4133 856 4221 salutationibus,
882 4154 962 4222 qnae
984 4133 1100 4202 domno
1120 4131 1386 4220 Bavembargenai
1405 4155 1494 4224 opor·

405 4307 426 4340 a
445 4293 595 4355 philosopyea
610 4313 630 4341 e.
691 4294 714 4342 b.
735 4295 837 4344 saumata
851 4313 874 4344 ι.

404 4381 431 4436 l.
448 4378 490 4437 Oi.
503 4380 549 4436 Pa.
561 4380 604 4450 57,
616 4381 643 4438 d.
