3117 4859
498 237 648 286 omnim
668 235 833 286 rnrsronn
855 238 893 284 11.
1239 219 1281 286 87

107 379 226 466 idelis,
256 400 350 466 quem
378 380 413 448 in
438 379 653 465 Alomuniam,
683 378 870 464 Saxoniam,
898 378 1046 464 Daciam,
1075 377 1222 448 Sueriam
1244 399 1281 448 oc
1309 399 1377 458 113⁷

106 496 349 582 bibulum
375 497 502 566 mittere
527 497 738 581 decrevimus,
767 496 970 580 cognoscetis.
1006 495 1180 564 Historiam
1206 515 1281 564 vero
1298 475 1392 526 (Μ’

107 614 351 682 occidentalium
383 615 627 700 imperatom
662 633 758 700 qnam
787 613 890 680 eidem
920 610 1012 680 Petro
1043 612 1162 680 dictare
1187 633 1281 699 prae

107 732 257 819 cepistis,
283 731 437 798 noveritis
463 730 566 798 adbuc
592 750 657 798 non
679 728 832 818 explosae.
869 728 972 796 Variis
996 729 1081 796 euim
1103 729 1281 798 tribulatio-

105 847 202 918 nibus
223 852 258 914 et
279 847 432 932 angustiis
454 867 594 934 pressus,
617 845 689 934 plus
713 846 744 914 ei
764 845 840 914 tiore
863 867 959 932 qnam
981 846 1119 914 scribere
1133 844 1234 914 libuit

196 964 294 1049 Ergo,
316 963 616 1051 prmcellentissime
638 983 812 1048 caesamm,
835 963 900 1030 iem
921 963 986 1030 iam
1008 965 1135 1030 nostrae
1152 961 1281 1030 calami-

106 1081 167 1148 teti
187 1081 371 1164 mannire,
394 1080 537 1148 coenobii
550 1080 732 1149 Gasinensis
747 1079 892 1148 miserias
907 1078 1055 1163 relevate,
1078 1079 1143 1146 iam
1156 1084 1280 1148 restrae

107 1199 271 1285 potentiae
292 1217 423 1266 manum
442 1198 605 1284 porrigite,
628 1203 661 1264 et
675 1197 807 1265 eandem
823 1195 1015 1281 ecelesiam,
1039 1216 1119 1282 quae
1134 1197 1280 1284 specialis

109 1334 147 1384 ac
167 1314 339 1399 singularis
360 1313 495 1382 Romani
516 1314 644 1401 imperii
666 1334 793 1382 canera
814 1333 939 1402 semper
961 1313 1021 1380 fuit
1044 1319 1076 1382 et
1098 1319 1155 1398 est,
1179 1335 1229 1399 ne,
1253 1314 1281 1381 si

107 1431 237 1518 perdita
255 1431 361 1516 luerit,
389 1436 422 1498 et
442 1430 619 1498 Romanum
640 1431 773 1500 vilescat
792 1431 963 1519 imperium
985 1435 1018 1498 et
1039 1436 1104 1498 toto
1129 1430 1197 1498 orbi
1218 1429 1281 1498 Ro-

108 1569 204 1616 mano
230 1553 379 1616 nosoetm
406 1547 622 1635 dispendium
651 1549 741 1634 quia,
769 1567 842 1616 cum
869 1547 960 1614 iuxta
981 1547 1185 1635 precipitium
1206 1567 1281 1614 con-

107 1666 274 1750 sietamus‚
308 1665 371 1732 nisi
398 1685 496 1732 manu
523 1671 646 1732 vestrae
675 1663 865 1732 defensionis
893 1685 952 1732 nos
982 1663 1189 1749 adiuvaretis,
1224 1685 1281 1752 spo

107 1782 236 1850 urendi
262 1802 322 1868 per
343 1780 539 1849 Christianos
567 1780 707 1864 sublata,
738 1786 794 1847 aut
819 1781 899 1867 ipsis
928 1781 1060 1868 paganis
1090 1781 1281 1849 subiciemnr

108 1905 179 1984 eut,
209 1898 294 1984 qued
316 1903 438 1966 auertat
460 1899 569 1964 divina
589 1898 745 1984 potentia,
776 1896 816 1965 ab
840 1917 948 1964 eornm
970 1897 1171 1966 multitudine
1193 1898 1280 1984 victi,

107 2017 150 2084 ad
175 2035 271 2082 omne
297 2014 536 2082 mrntiomtatis
563 2013 764 2101 dispendium
792 2013 912 2082 crudeli
932 2033 1010 2082 nece
1031 2035 1213 2102 pereamus,
1244 2035 1281 2082 ac
1323 2029 1337 2035 ”

107 2153 164 2222 per
186 2133 249 2199 boc
270 2137 303 2199 et
316 2130 435 2198 Christi
455 2151 571 2200 nomen
592 2131 627 2198 iu
649 2129 795 2215 gentibus
818 2129 1087 2218 blasphemabitur
1110 2138 1143 2200 et
1156 2137 1280 2200 restrae

107 2249 268 2338 opinionis
289 2253 435 2316 maaca
456 2248 562 2316 studia
583 2246 733 2315 obliuioni
755 2247 928 2314 tradentur
968 2247 1012 2314 Et
1032 2248 1103 2316 ideo
1121 2249 1279 2318 solotenus

107 2367 204 2435 bumo
225 2366 378 2454 prostrati
399 2370 538 2434 vestram
560 2364 756 2448 augustalem
775 2363 974 2432 clementiam
994 2367 1153 2453 poscimus
1177 2371 1209 2433 et
1221 2387 1280 2454 per

106 2485 251 2552 nurum
271 2482 424 2550 indicium
445 2502 482 2548 ao
502 2502 561 2568 per
574 2481 681 2548 omnia
694 2481 804 2549 divina
818 2487 850 2548 et
863 2481 1001 2548 bumana
1014 2483 1176 2569 mysteria,
1200 2503 1280 2568 quae

107 2603 142 2669 in
167 2599 266 2668 coelis
286 2605 319 2667 et
339 2599 373 2666 in
395 2605 483 2666 terra
503 2603 587 2683 sunt,
610 2598 792 2666 adiuramus
816 2603 910 2684 atque
933 2617 1004 2664 cum
1026 2604 1094 2666 tota
1116 2598 1280 2666 (lesinensi

3 2772 4 2793 2
108 2717 257 2803 ecclesia,
285 2717 337 2783 cui
364 2736 416 2783 me
442 2715 550 2782 divina
570 2715 711 2800 dignatio
733 2712 903 2802 praeficere
926 2713 1041 2800 voluit,
1071 2719 1175 2781 vestro
1199 2715 1279 2782 divi-

106 2836 193 2904 nitus
224 2838 367 2923 protecto
393 2832 527 2920 imperio
555 2831 631 2900 totis
658 2831 779 2898 viribus
808 2831 1004 2916 suggerimus
1032 2831 1176 2917 votisque
1204 2851 1278 2919 sup

3 3042 4 3045 Ἴ
107 2951 244 3041 plicibus
266 2969 375 3038 preces
397 2949 513 3016 multas
536 2946 740 3034 effundimus,
761 2954 799 3014 nt
819 2948 988 3034 contritae,
1012 2946 1201 3033 devastatae,
1224 2947 1278 3015 de-
1360 2951 1365 2954 ’

108 3068 228 3136 solatae
260 3072 294 3134 et
326 3067 413 3133 omni
446 3066 582 3132 humano
617 3065 729 3132 solatio
764 3065 933 3133 destitutae
960 3071 1086 3132 sanctae
1115 3064 1278 3132 Gasinensi

107 3183 259 3253 ecclesiae
280 3183 492 3251 defensionem
516 3181 714 3268 debitamque
736 3182 913 3268 tuitionem,
937 3182 1057 3249 cunctis
1079 3181 1208 3248 remotis
1227 3202 1278 3250 oc-

105 3301 287 3370 casionibus
314 3299 496 3385 cunctisque
524 3299 650 3366 omissis
680 3298 896 3386 dilationibus,
926 3299 1138 3385 inquantum
1166 3299 1277 3368 valetis
1368 3314 1371 3320 ·

105 3417 221 3487 anxilii
242 3415 429 3484 omnimodis
451 3415 645 3505 praebeatis;
675 3421 843 3502 quatenns,
874 3415 928 3502 qui
950 3415 1123 3483 innumeris
1146 3415 1277 3483 tribula-

104 3535 247 3605 tionibus
275 3535 435 3622 quatimur
462 3553 500 3600 ac
527 3537 706 3600 aestuamus
735 3552 772 3599 ac
799 3553 857 3619 pro
884 3532 1046 3599 monacbis
1075 3532 1166 3599 nobis
1193 3553 1277 3600 com·

103 3653 214 3721 missis
228 3651 365 3720 miseriis
379 3649 566 3735 cruciamur,
581 3650 695 3716 uestris
710 3647 974 3717 consolationibus
989 3649 1109 3734 refecti,
1125 3648 1277 3717 laetemur

104 3777 156 3855 et,
185 3789 242 3857 per
270 3789 326 3836 voe
353 3767 582 3854 tranquillitate
608 3771 774 3854 percepta,
805 3770 946 3854 optatam
973 3765 1167 3854 libertatem,
1196 3767 1277 3834 siout

104 3888 212 3971 decet,
247 3907 304 3974 per
336 3891 403 3952 tam
437 3884 607 3970 benignum
642 3903 679 3949 ac
707 3887 850 3949 sanctum
878 3883 1102 3971 imperatorem
1130 3883 1276 3968 consequi

103 4024 293 4072 mereamur.
327 4001 410 4069 Nam
426 4002 525 4087 vobis,
548 4002 602 4088 qui
623 4001 656 4066 in
675 4020 774 4084 agone
789 4000 977 4068 contenditis
987 3997 1005 4086 ¹,
1027 4004 1064 4066 ut
1078 3999 1118 4066 ad
1132 3998 1275 4066 bravium

105 4140 263 4208 supernae
284 4112 485 4203 vocationis²,
515 4123 552 4185 ut
580 4117 620 4183 ad
642 4117 868 4203 capessendam
890 4137 1039 4184 coronam
1061 4117 1275 4203 incorruptam

177 4276 200 4310 ι
213 4261 310 4309 liberate
324 4263 362 4308 cel
376 4263 465 4308 urrato
479 4262 516 4308 ael
530 4263 611 4308 sinilia
626 4260 738 4308 excidisse
753 4260 847 4306 aldem

177 4369 204 4424 1.
224 4363 471 4436 leotronam.
540 4367 567 4421 2.
585 4363 742 4435 Philipp3,
755 4365 799 4420 14.
