3117 4859
321 253 366 321 20
725 271 939 322 transnanto
961 271 989 322 s.
1004 273 1075 322 urm

232 417 286 504 836
319 412 388 480 loeo
409 410 650 502 proficiscentes,
671 419 801 482 ventum
823 420 871 483 est
893 415 935 482 ad
955 414 1065 506 ullum
1087 435 1167 502 quae
1187 419 1318 483 vooatnr
1337 413 1479 483 Summa·

212 491 304 541 m
317 525 443 596 bornat
477 529 514 596 ln
534 531 626 597 initio
647 551 723 599 vero
747 532 849 599 noetis
872 533 972 600 oieeta
992 532 1083 620 plebe
1105 532 1182 600 foris
1204 532 1382 618 eeclesiam
1408 532 1481 618 quia

318 651 507 733 parvaeret
528 651 560 716 et
581 646 749 714 multitudo
763 647 874 736 populi
887 668 1012 734 magna
1034 649 1187 716 remansit
1201 649 1354 735 quaedam
1367 647 1481 715 mulier

317 763 443 830 nomine
465 761 633 849 Gerontia,
660 763 756 848 gibba
783 769 876 851 etque
903 785 999 832 ourva
1023 765 1062 833 ab
1085 766 1176 832 annis
1199 765 1379 850 duodecim,
1408 768 1481 832 ante

316 877 399 946 fores
427 881 557 947 oratorii
579 900 651 948 oum
672 886 764 968 patro
786 881 914 969 proprio
937 886 969 949 et
990 886 1101 949 metra.
1141 881 1207 949 lllis
1230 885 1352 949 autem·
1376 885 1481 948 asten·

314 995 399 1064 tibus
420 1017 545 1083 unaque
564 1016 636 1064 eum
649 997 721 1085 ipsa
734 997 983 1066 miserioordiem
997 997 1057 1066 Dei
1072 997 1313 1087 implorantibus
1329 1017 1366 1064 ao
1381 996 1482 1065 saneti

313 1113 462 1200 martyris
484 1114 600 1180 merita
620 1113 904 1202 interpellantibus,
926 1135 1001 1181 mox
1022 1115 1094 1203 ipsa
1108 1134 1255 1182 eonuens
1270 1115 1366 1181 ieouit
1380 1133 1482 1202 paene

314 1229 486 1315 exanimis,
514 1219 625 1297 itaut
650 1235 741 1318 pater
763 1231 831 1298 eius
854 1235 886 1298 et
906 1236 1024 1316 muter,
1052 1251 1110 1319 per
1132 1251 1228 1298 unam
1249 1251 1349 1319 prope
1370 1229 1482 1298 horam

314 1350 526 1432 expectantes,
550 1366 620 1414 enm
641 1350 800 1413 mortuam
822 1345 1024 1415 affirmarent.
1062 1346 1108 1414 At
1128 1353 1333 1436 posteaquam
1353 1366 1482 1414 reuersa

248 1482 251 1490 ·
314 1467 363 1529 est
382 1462 418 1528 in
438 1462 609 1550 pristinum
631 1481 772 1547 sensum
796 1462 975 1531 detulerunt
997 1484 1066 1533 eam
1087 1465 1171 1532 intro
1194 1469 1267 1532 ente
1290 1462 1404 1548 altere,
1426 1463 1482 1530 ubi

313 1583 458 1645 sanetum
485 1598 599 1667 eorpus
619 1580 724 1648 fuerat
744 1580 939 1648 oolloeaum,
985 1580 1051 1648 lbib
1073 1585 1142 1648 tota
1161 1585 1253 1648 noete
1273 1579 1330 1648 illo
1351 1599 1483 1666 gravem

207 1711 297 1762 naar
315 1700 472 1762 senserat‘
501 1695 657 1780 dolorem3
691 1696 828 1765 diluenlo
855 1716 929 1765 uero
964 1702 1037 1785 poet
1070 1693 1207 1765 offitium
1235 1697 1421 1766 matutinale
1451 1702 1483 1764 et

313 1810 483 1878 missarum
504 1812 745 1881 celebrationem
767 1818 872 1881 ereata
894 1816 926 1880 ot
941 1834 1019 1881 sana
1031 1814 1161 1882 inventa
1175 1818 1233 1899 est,
1257 1834 1336 1900 quae
1350 1819 1483 1882 venerat

312 1947 409 1995 ourva
436 1932 468 1995 et
495 1929 604 2013 gibba3
634 1935 667 1997 et
687 1929 783 1997 simul
804 1949 877 1998 oum
896 1934 988 2017 patre
1011 1934 1043 1996 et
1064 1929 1183 1998 matrsl
1204 1929 1313 1998 lendes
1334 1929 1481 2015 reddens,

311 2064 411 2132 nsque
440 2044 481 2112 ad
507 2046 686 2132 proximam
713 2046 910 2114 mansionem
931 2052 1099 2134 prosecuta
1120 2051 1177 2114 est.
1257 2045 1320 2115 Sed
1340 2067 1400 2115 neo
1421 2046 1483 2113 hoo
1552 2033 1553 2040 '

312 2160 437 2227 silentio
459 2161 773 2247 praetermittendum
796 2167 854 2248 est,
881 2161 965 2248 qnod
986 2163 1057 2249 ipsa
1078 2163 1129 2230 die
1151 2161 1305 2230 Dominus
1327 2183 1385 2251 per
1408 2183 1482 2230 san·

312 2281 398 2344 otum
424 2281 614 2364 martyrem·
639 2277 805 2346 ostendere
833 2279 979 2363 dignetue
1007 2284 1064 2347 est
1109 2279 1191 2346 Nam
1218 2279 1372 2366 quaedam
1400 2299 1482 2347 anus

312 2393 352 2460 de
372 2392 450 2460 villa
475 2393 672 2481 supradicta,
702 2414 774 2462 oum
796 2415 816 2462 e
836 2399 926 2480 tergo
948 2399 1088 2463 ourreret
1107 2395 1268 2482 laesaque,
1295 2400 1391 2484 prout
1412 2400 1483 2463 erat

311 2525 442 2598 eorpore
463 2510 613 2595 meroida,
636 2511 752 2578 reverti
774 2510 816 2578 ad
837 2511 967 2599 proprie
985 2511 1145 2597 uoluisset,
1168 2511 1297 2580 boantis
1311 2513 1402 2598 quasi
1415 2532 1482 2580 non

310 2626 418 2712 feota‘‚
443 2648 519 2694 mox
544 2625 614 2712 figit
639 2627 770 2715 pedem,
804 2647 842 2695 ao
867 2627 1038 2695 immobilis
1068 2629 1134 2695 lero
1161 2649 1218 2715 per
1244 2649 1340 2696 unam
1367 2628 1481 2695 horam

311 2750 414 2830 stens,
436 2765 502 2812 non
524 2744 626 2830 quirit
648 2743 689 2811 ad
709 2744 841 2832 proprie
861 2745 1023 2832 repedare.
1060 2743 1229 2812 Enimvero
1251 2745 1385 2812 tenmvit
1405 2751 1482 2832 post

310 2867 454 2929 sonetum
476 2860 638 2928 ambulare
659 2859 776 2926 virtute
799 2880 861 2946 que
882 2860 996 2944 veluit,
1019 2863 1248 2947 eoenrrensque'
1268 2861 1325 2947 ei⁸,
1348 2882 1368 2928 a
1388 2866 1480 2947 tergo

310 2977 416 3064 eoepit
435 2976 611 3044 uociferari.
646 2973 699 3042 Ad
717 2976 806 3043 ouius
821 2975 990 3043 clamorem
1004 2975 1170 3064 paullatim
1185 2997 1292 3044 omnes
1306 2982 1478 3060 steterunt3

309 3093 441 3182 ipsaque
463 3091 554 3179 quasi
576 3091 730 3158 exanimis
752 3093 857 3180 eoepit
879 3093 1036 3160 denudare
1059 3093 1142 3180 quod
1156 3094 1338 3179 eontigeret
1373 3093 1418 3160 Et
1431 3095 1480 3161 aie

310 3210 404 3277 venio
425 3227 581 3293 ooneeesa,
604 3208 756 3274 remeavit
778 3209 819 3274 ad
841 3210 979 3296 propria.

399 3324 475 3393 Inde
505 3325 567 3393 iter
593 3330 832 3413 prosequentes,
860 3331 1014 3393 venerunt
1040 3346 1135 3413 euper
1160 3325 1236 3394 litus
1266 3323 1415 3395 Axonae¹
1441 3327 1476 3394 in

309 3439 447 3525 villem'¹‚
470 3461 551 3527 quae
577 3441 691 3510 dieitur
719 3442 759 3509 ad
788 3441 938 3508 Senatum
960 3441 1156 3528 Morulum¹³,
1179 3444 1213 3510 in
1238 3443 1347 3528 vigilia
1374 3443 1478 3510 sanati

310 3556 374 3625 diei
399 3562 605 3645 penteoostes.
657 3559 704 3625 lbi
736 3557 871 3644 denique
902 3557 1137 3625 incrastinum
1163 3579 1285 3626 morem
1313 3559 1475 3646 fatientes,

200 3689 293 3743 mune
309 3672 412 3741 diemk
425 3674 542 3741 festum
563 3673 777 3759 eelebrentes¹‚
801 3672 895 3741 simul
916 3675 1012 3742 etiem
1031 3675 1170 3763 eorporis
1184 3675 1403 3744 lassitudinem
1425 3697 1476 3744 re-

309 3796 461 3875 creantes,
485 3789 612 3857 advenit
634 3790 788 3877 quaedem
809 3789 932 3876 mulier,
953 3791 988 3857 in
1010 3790 1094 3859 ulnis
1116 3791 1220 3859 ferens
1241 3791 1380 3880 puellam
1401 3813 1476 3881 par-

379 3942 519 3990 aenimt.
564 3940 779 3989 boninum.
831 3943 1034 4002 apansaestt.
1080 3942 1475 4004 domeaptteretmetari.

310 4024 640 4084 epermnrtyremsunmt.
686 4020 855 4082 taooeptst.
904 4021 1060 4080 aetem.
1107 4021 1243 4071 brillal.
1288 4023 1474 4072 tuddul.

308 4103 332 4152 k.
348 4104 445 4164 denique
461 4105 483 4149 2.
528 4101 545 4148 l.
560 4101 700 4149 celebrantes
715 4103 792 4148 omn.

380 4209 405 4263 1.
424 4206 465 4263 St.
476 4206 595 4263 Etienne
618 4206 736 4274 aArne,
754 4222 772 4261 a
789 4203 959 4274 Sept-Saulx
975 4205 1047 4263 inter
1064 4205 1198 4263 orientem
1212 4209 1242 4263 et
1253 4206 1473 4276 septemtriones.

308 4295 335 4351 2.
352 4295 440 4352 Mane
456 4293 484 4351 o.
537 4297 564 4350 3.
582 4293 624 4350 St
635 4293 730 4362 llorel,
747 4292 909 4351 avouaiers
925 4293 962 4351 ad
979 4295 1130 4366 meridiem,
1147 4295 1301 4354 aVlrduno
1312 4297 1386 4354 inter
1402 4297 1473 4356 ooal-

308 4383 419 4440 dentem
437 4387 466 4440 et
482 4383 701 4454 septemtriones.
