3117 4859
329 263 396 337 588
710 282 860 332 wmsror
880 281 1048 332 semrom
1067 280 1123 332 sot

226 429 295 488 1152
329 443 388 492 neo
407 423 502 509 fecto,
525 423 608 492 sieut
622 423 686 492 alia
706 423 775 492 uico
796 424 916 492 mtum
938 429 1004 510 est,
1025 423 1128 512 possit
1148 423 1280 512 impuno
1299 425 1438 492 metari
1458 422 1506 492 rel

206 503 269 566 ⁸⁸¹²*
281 505 311 552 ²⁰
328 540 482 610 ucoca
503 560 561 608 sua
582 541 672 609 texe
693 561 866 627 pravorum
879 541 1037 609 amoene
1050 541 1158 609 ustie
1170 540 1297 608 inem
1312 541 1505 608 cemus

326 657 393 726 Nec
414 662 507 744 putes
529 662 565 724 tu
587 657 622 724 iu
643 657 703 726 hac
724 677 821 724 cauea
840 659 930 744 quasi
948 658 984 726 in
999 657 1105 726 aliena
1117 656 1396 742 dissimulandum,
1421 659 1505 744 quin,

326 775 408 842 simt
429 774 475 842 ait
496 777 605 862 poeta:

458 889 520 958 Res
542 895 598 957 tue
619 909 703 958 nunc
724 889 839 976 agitur,
860 891 967 979 paries
990 910 1062 958 cum
1083 891 1248 978 proximus
1270 891 1371 958 ardet

326 1006 446 1076 Similis
459 1007 544 1074 enim
554 1025 651 1074 causa
665 1006 730 1074 iam
743 1007 805 1075 tibi
818 1008 942 1095 peperit
951 1007 1003 1074 uel
1016 1009 1052 1074 in
1067 1009 1211 1095 proximo
1225 1008 1331 1095 pariet
1342 1009 1504 1076 1ιιίω1ωι

348 1163 349 1168 =
414 1123 497 1192 Illud
519 1127 634 1208 autem,
661 1123 744 1209 quod
766 1123 801 1190 in
823 1124 912 1191 curia
932 1123 1025 1192 Ulure
1045 1121 1172 1192 habita¹
1191 1123 1350 1192 malitiose
1369 1125 1413 1192 in
1435 1145 1505 1192 aec·

324 1240 492 1310 elesiarum
513 1239 759 1308 destructionem
779 1241 904 1308 uerita
926 1245 976 1308 est
995 1240 1118 1308 ileiois
1131 1241 1356 1326 introductum,
1379 1261 1503 1328 nequa·

325 1377 420 1445 quam
443 1355 567 1424 silentio
591 1357 836 1443 pretereundum
857 1357 999 1425 estimes:
1030 1357 1128 1443 quod,
1156 1359 1210 1445 qui
1237 1376 1296 1446 pro
1319 1358 1453 1445 rapinis
1473 1365 1503 1426 et

323 1473 477 1542 incendiis
500 1471 738 1540 aecclesiasticis
762 1473 853 1542 bonis
866 1473 964 1541 illatis
979 1473 1295 1542 excommunicationi
1307 1474 1501 1559 subduntm,

324 1611 405 1659 novo
426 1589 562 1657 iudicio·
584 1590 870 1658 exommunicatos
893 1589 1055 1675 dedicant,
1081 1591 1146 1657 nisi
1171 1591 1260 1678 prius
1286 1591 1321 1658 in
1343 1589 1502 1660 laicorum

323 1705 438 1775 iudicio
461 1705 674 1774 damnationis
701 1707 859 1773 sententia
885 1708 1048 1774 feriantur.
1086 1706 1176 1786 Quod
1203 1707 1233 1773 si
1256 1707 1339 1776 forte
1364 1713 1439 1774 tenu
1466 1716 1501 1774 tu

324 1843 419 1911 quem
439 1823 554 1890 oeus
576 1822 678 1890 nostri
694 1823 836 1910 episcopi
850 1823 1037 1910 putaveritis
1052 1823 1282 1908 sustinendum,
1303 1821 1365 1890 hoc
1385 1823 1500 1910 procul

323 1939 418 2008 dubio
440 1937 515 2006 iude
536 1939 711 2026 proveniet,
734 1944 771 2006 ut
787 1939 868 2006 nulli
882 1942 1100 2028 episcoporum
1115 1940 1307 2028 inpartibus
1322 1939 1388 2006 illis
1403 1939 1498 2008 licent

322 2061 432 2126 conus
454 2053 620 2123 cuiuslibet
634 2054 783 2122 facinoris
798 2076 889 2123 rcum
903 2056 1104 2143 disciplinam
1119 2056 1384 2124 aecclesiasticam
1407 2077 1497 2124 exer·

322 2193 403 2242 cere.
437 2170 615 2259 Disciplina
636 2172 722 2239 enim
744 2178 904 2257 cessante,
931 2172 1050 2260 peribit
1069 2171 1181 2258 religio
1202 2172 1391 2256 christiaua;
1423 2173 1495 2241 reb-

321 2290 414 2377 gione
436 2294 588 2374 consume,
610 2288 729 2377 peribit
750 2293 783 2356 et
804 2287 889 2356 edus
904 2289 1090 2356 animarum
1179 2289 1369 2376 Eapropter,
1391 2289 1495 2358 kariu-

321 2408 401 2478 sime
422 2404 478 2492 1111,
500 2411 568 2473 tam
590 2425 686 2493 super
707 2405 766 2472 hoc
788 2426 884 2491 quam
905 2426 1001 2493 super
1022 2404 1108 2491 aliis,
1135 2424 1208 2474 cum
1229 2405 1270 2472 ad
1291 2405 1398 2474 curiae
1422 2425 1494 2474 eon·

320 2524 451 2608 ueuitis,
479 2542 560 2610 quae
581 2525 692 2590 contra
713 2521 864 2590 honorem
886 2521 964 2608 Dei,
990 2528 1102 2590 contra
1126 2521 1296 2592 aecoleeiso
1319 2521 1494 2590 salutxrem

320 2643 478 2726 vigorem,
507 2643 617 2706 souma
643 2638 841 2706 honestatem
868 2639 973 2724 regni,
1005 2658 1177 2727 pravorum
1203 2637 1361 2706 meddam
1387 2640 1494 2708 moliri

320 2755 491 2842 videritis⁵‚
519 2754 655 2822 uiriliter
683 2760 715 2822 ot
741 2756 934 2824 unanimiter
958 2755 1130 2842 resistetis,
1158 2760 1196 2822 ut
1214 2759 1320 2823 uestro
1342 2756 1494 2843 prudenti

321 2874 425 2942 studio
448 2878 481 2941 et
503 2871 611 2940 labore
631 2871 788 2938 mnbticm
815 2873 971 2960 sapientie
992 2873 1113 2957 vincat,
1141 2872 1342 2958 iniquitatem
1369 2873 1493 2940 iustitia

321 2994 448 3078 superet
470 2992 503 3057 ot
524 2988 693 3057 aecclesias
706 2986 769 3056 Dei
791 3007 829 3056 ae
849 2988 940 3074 regni
961 2991 1063 3055 status
1077 2989 1112 3055 iu
1125 3008 1184 3056 suo
1198 2988 1311 3056 decore
1323 2989 1492 3057 incolumis

319 3111 530 3175 conservetur.

407 3223 461 3289 Ad
482 3224 541 3291 hec
562 3221 736 3290 sinceritati
756 3225 830 3288 tuac
844 3221 997 3306 queedam
1011 3217 1219 3306 notificemus,
1243 3240 1333 3307 quae,
1356 3221 1492 3290 faciente

319 3337 486 3422 Artuoldo)
509 3339 662 3424 heretico,
689 3337 851 3404 rusticana
872 3337 1007 3422 quedem
1028 3337 1122 3405 turba
1143 3336 1261 3422 absque
1282 3336 1439 3406 nobilium
1461 3343 1491 3406 et

319 3454 474 3522 maiorum
496 3456 628 3524 scientia
649 3475 751 3542 nuper
773 3458 823 3521 est
843 3454 878 3522 iu
899 3452 985 3521 Urbe
1004 3453 1125 3522 molita
1162 3453 1296 3522 circiter
1319 3455 1407 3522 enim
1429 3455 1490 3522 duo

319 3569 409 3640 milia
429 3569 462 3638 iu
484 3591 583 3638 unum
605 3576 679 3640 suut
700 3570 851 3638 secretius
873 3569 1038 3656 coniurati,
1061 3574 1094 3639 et
1114 3571 1149 3637 in
1169 3570 1323 3658 proximis
1338 3570 1489 3638 Kalendis

317 3687 505 3756 Nouembris
520 3691 830 3775 centumperpetuos
845 3692 1031 3754 sectatoree⁰
1046 3687 1202 3756 malorum
1216 3705 1349 3776 operum
1364 3692 1398 3755 et
1411 3687 1489 3756 duos

318 3803 461 3876 musuleo
477 3841 519 3852 -—
536 3805 617 3872 alter
639 3824 772 3890 quorum
793 3803 878 3870 infra
891 3802 1019 3890 Urbem,
1042 3803 1122 3871 alter
1144 3809 1245 3888 extra,
1266 3803 1397 3872 illorum
1415 3823 1488 3873 cen·

317 3927 387 3988 tum
401 3921 531 3990 consilio
546 3922 594 3989 rei
608 3920 751 4009 publicae
766 3925 885 3988 statum
899 3920 1077 4008 dbponant,
1092 3921 1189 3988 immo
1198 3921 1306 4008 potius
1317 3921 1435 3991 rodunt
1445 3958 1486 3969 -

317 4059 416 4106 unum
432 4044 547 4122 summ,
570 4058 664 4124 quem
678 4037 789 4106 volunt
801 4038 1025 4126 imperatorem
1038 4037 1153 4122 dicere,
1175 4057 1284 4106 creare
1299 4038 1485 4126 disponunt3

318 4175 411 4243 quem
433 4153 496 4222 illis
518 4158 660 4239 eentum,
690 4155 811 4223 duobus
838 4153 1017 4222 oonsulibus
1044 4158 1078 4223 et
1098 4155 1184 4224 omni
1203 4154 1324 4242 populo
1344 4154 1484 4224 Romano

390 4315 714 4362 aummtdr'meidmr.
775 4313 934 4362 briderlse
997 4317 1379 4380 consummemus

389 4401 415 4457 1.
432 4400 522 4472 spatio
540 4399 646 4458 dierum
663 4399 779 4458 salutii
796 4405 826 4458 et
843 4402 859 4457 l
877 4400 1009 4474 Augusti„
