3117 4859
459 255 608 363 wmanur
627 255 794 363 semrom
815 312 868 360 roe.
1176 296 1240 365 186

78 464 182 529 umen
210 456 310 525 nolite
337 457 465 543 timere,
493 455 627 545 pusillus
654 476 747 542 grex,
778 456 927 543 quoniam
947 455 1137 545 eomploouit
1155 458 1241 545 patri
1258 462 1329 523 nte

76 580 180 644 vestro
208 575 284 643 dare
306 574 395 643 vobis
416 594 565 660 regnum3
595 573 752 641 ascendite
775 594 816 641 ex
837 574 979 660 maereo,
1001 574 1150 663 opponite
1171 596 1241 645 mu-

76 714 145 761 rum
173 713 234 781 pro
262 692 354 759 domo
376 689 482 759 lsrael.
517 691 662 760 Eruditio
690 695 798 759 restra
822 691 954 760 redueat
980 692 1021 759 ad
1047 692 1240 777 memoriam,

76 816 197 899 quanta
217 810 260 877 sit
273 808 360 879 Esau
380 808 554 895 ignominia
575 808 764 875 araneus
787 828 846 896 pro
869 827 916 894 eo,
935 808 1241 897 quodprimogenita

76 948 133 995 sna
160 926 306 994 vndidu
330 945 389 1013 pro
412 926 531 993 ventris
552 926 691 1011 ingluvie
713 929 746 993 et
766 924 861 991 lentie
884 925 996 993 edulio.
1030 925 1185 993 Dominus
1207 927 1242 995 in

75 1045 232 1133 propheta
250 1043 341 1111 dicit:
366 1044 436 1133 Epo
456 1045 607 1131 glorium·
621 1058 722 1110 msam
744 1044 835 1109 alteri
847 1068 911 1109 noa
929 1039 1088 1110 reboant
1123 1044 1169 1127 Si,
1192 1044 1242 1112 in·

77 1161 154 1248 quil,
177 1186 247 1228 sum
261 1160 424 1243 Dominus,
447 1162 501 1227 abi
515 1164 606 1227 timor
620 1158 724 1227 merra?
758 1159 796 1227 Si
812 1171 915 1248 puter,
938 1162 992 1226 oet
1008 1160 1107 1228 tenor
1120 1156 1242 1231 reseas?²

76 1278 131 1346 Set
165 1276 336 1365 opponitur
367 1275 456 1343 vobis
490 1276 722 1343 sanctissimum
755 1280 849 1362 etque
881 1276 1102 1361 gravissimum
1127 1299 1243 1346 nemen

76 1394 250 1479 electionis,
272 1414 351 1480 quae
375 1393 500 1480 quidem
523 1413 682 1461 sacrorum
699 1412 855 1461 canonum
873 1392 1059 1463 auctoritate
1073 1396 1244 1464 constituta

75 1518 123 1580 est
151 1511 195 1579 ad
223 1530 333 1599 paoem
363 1510 511 1579 eeclesiae
542 1516 574 1579 et
598 1510 839 1578 unanimitatem
861 1511 1090 1578 continendam.
1124 1511 1242 1581 Verum

75 1630 113 1697 de
141 1628 205 1695 hoo
231 1628 312 1695 bono
341 1627 496 1715 principio
523 1649 563 1694 ex
587 1627 750 1694 hominum
773 1626 922 1695 abusione
943 1628 1044 1696 multa
1064 1628 1149 1697 mala
1170 1651 1243 1718 pro-

74 1766 187 1833 gressa
216 1750 303 1831 sunt,
332 1745 378 1812 ita
404 1749 440 1811 ut
467 1744 627 1812 electionis
654 1743 783 1811 lieentia
807 1764 907 1831 usque
933 1745 974 1811 ad
996 1744 1115 1813 sellarii
1138 1752 1170 1814 et
1191 1768 1243 1815 eo-

74 1864 192 1959 quinae
221 1862 324 1929 eleves
352 1867 384 1929 et
409 1861 616 1951 villicationes
640 1860 829 1929 ordinandas
852 1862 1047 1930 extendatur.
1082 1862 1242 1932 Pontifiois

72 1980 227 2064 Romani,
254 1978 572 2067 arehiepisooporum‚
596 1980 813 2066 episcoporum
837 1976 1003 2047 electiones
1026 2001 1115 2048 saera
1137 1982 1259 2050 deero*

72 2104 181 2164 torum
211 2098 380 2163 auotoritas
404 2095 610 2181 demonstran
641 2095 787 2163 monaehi
809 2102 935 2164 sanotae
956 2098 1064 2183 regule
1086 2099 1243 2188 scriptura

73 2216 245 2299 docentur,
275 2212 410 2301 qualiter
435 2218 468 2279 et
493 2213 617 2300 qualem
646 2212 760 2299 eligere
787 2213 921 2281 debeant
943 2214 1102 2299 abbatem3
1132 2237 1243 2285 eeono-

71 2351 201 2399 morum
224 2336 257 2397 et
279 2350 396 2415 eorum,
420 2330 474 2417 qui
495 2330 615 2398 nullam
636 2330 671 2397 in
692 2330 845 2416 regimine
868 2351 924 2398 suo
946 2334 1121 2421 suscipiunt
1135 2354 1243 2403 euram

72 2449 264 2533 animarum,
288 2446 398 2515 eleofio
421 2468 484 2534 qua
501 2448 542 2515 sit
557 2448 750 2515 auemntieae
765 2448 919 2536 scripture
934 2448 1103 2517 informata
1116 2452 1242 2539 indicio,

71 2566 211 2635 neudum
234 2563 395 2631 addiseere
422 2565 590 2653 potuimus.
631 2564 747 2632 Beatus
769 2564 974 2652 Benediotus,
1004 2586 1075 2634 oum
1098 2567 1136 2634 de
1159 2570 1242 2636 ordi-

71 2680 208 2750 nandis*
231 2681 358 2748 deoanis
381 2686 474 2768 atquo
489 2682 658 2769 prepositis
671 2689 855 2769 proseptum
869 2682 969 2767 daret,
993 2684 1033 2749 ad
1047 2690 1243 2771 postremum

72 2803 193 2885 uident,
216 2798 342 2886 inquid,
366 2801 469 2883 obbae
497 2802 530 2865 ia
553 2824 641 2889 poem
664 2824 789 2865 securare
805 2802 966 2888 partiatur
988 2825 1084 2867 onera
1105 2797 1188 2887 Μ’,
1214 2804 1243 2872 ei

71 2914 224 2983 videlieet
256 2936 412 2982 summam
445 2914 567 2983 oonsilii
595 2916 784 3000 attribuens,
819 2917 870 2982 eni
895 2916 1039 2985 imminet
1065 2918 1243 2989 reddendae

70 3034 209 3101 rationis
237 3032 421 3120 perieulum.
455 3031 499 3098 Et
525 3032 601 3099 haee
630 3032 756 3119 quidem
784 3038 878 3120 atque
900 3033 963 3100 alia
984 3034 1162 3103 huiusmodi
1183 3059 1243 3126 pro

72 3155 183 3217 nostro
211 3155 307 3237 eaptu
330 3154 362 3217 et
382 3148 546 3235 nemum,
575 3150 603 3216 si
624 3148 797 3217 venerabili
819 3154 924 3217 vestro
946 3154 1112 3219 conventui
1134 3154 1243 3222 adesse

71 3268 227 3351 licuisset,
255 3265 410 3353 prolixius
433 3271 526 3353 atque
549 3266 717 3333 instantius
741 3267 925 3353 diceremus,
952 3267 1157 3355 supplicando
1178 3272 1242 3339 fra-

71 3386 176 3453 tribus
204 3383 338 3468 nostris,
369 3383 515 3471 quatinus
543 3388 652 3471 aperto
679 3382 793 3450 mentis
819 3384 936 3451 intuitu
957 3384 1123 3471 diligenter
1144 3387 1242 3476 inspi-

72 3506 194 3587 earent,
211 3500 295 3587 quod
308 3500 374 3567 lere
388 3520 452 3566 non
467 3505 515 3567 est
530 3500 651 3584 domus,
667 3500 700 3566 in
716 3521 778 3587 qua
792 3521 856 3567 uon
870 3502 912 3567 eit
925 3506 1068 3570 mortuus
1074 3498 1095 3589 ⁴,
1116 3504 1241 3573 dment-

73 3641 134 3708 que
163 3638 296 3707 operam
321 3617 393 3705 plus
424 3616 464 3685 ed
492 3616 747 3684 reformationem
775 3616 936 3705 religionis
965 3640 1059 3706 quam
1081 3621 1122 3688 ad
1144 3621 1241 3690 susei-

72 3737 206 3805 tandam
229 3735 395 3801 materiam
417 3734 635 3821 contentionis,
659 3739 691 3802 et
712 3755 775 3801 non
797 3737 1062 3821 transgredientes
1079 3738 1240 3826 terminos,

74 3874 152 3941 quos
182 3856 358 3941 posuerunt
384 3852 429 3919 eis
450 3857 558 3939 patres
581 3854 645 3939 sui,
673 3852 752 3919 tales
775 3854 810 3919 in
831 3851 935 3922 loeum
956 3854 1144 3942 provisionis
1167 3875 1241 3922 suae

74 3972 265 4061 adoptarent
286 3989 447 4056 personas,
471 3990 550 4055 qnae
573 3974 604 4036 et
624 3970 736 4037 merito
751 3969 837 4038 vitae
852 3992 936 4056 susa
960 3977 992 4039 et
1004 3971 1067 4039 loei
1081 3972 1130 4039 sui
1145 3972 1241 4040 subli-

144 4182 166 4215 a.
189 4150 263 4227 aglarn
279 4166 330 4215 rod.
392 4165 414 4213 b.
435 4164 574 4213 ordinandus
590 4182 610 4214 e.

144 4274 172 4333 1.
190 4270 256 4329 lsai.
269 4270 369 4341 4211.
439 4271 465 4327 2.
483 4270 600 4327 Hauon
613 4272 638 4342 1,
651 4270 678 4327 6.
743 4272 768 4327 3.
787 4272 822 4328 ln
838 4272 950 4342 refflloe
967 4270 996 4328 S.
1007 4270 1151 4329 Beueffiofi
1169 4287 1194 4328 e.
1206 4274 1240 4329 21

78 4362 182 4430 (Codex
199 4360 358 4433 regularum
375 4360 418 4418 ed.
437 4361 598 4418 Holsteulus
615 4377 643 4432 p.
655 4362 701 4430 22)
718 4361 849 4431 leguntur
865 4360 947 4417 haee:
967 4360 1041 4433 ,Qui
1057 4360 1155 4419 deemi
1171 4362 1242 4420 tales

77 4452 222 4525 eligantur,
240 4450 384 4521 inquibus
401 4466 516 4507 suenrus
530 4450 615 4509 abbas
625 4451 760 4523 partiatur
771 4450 943 4507 onerosua‘t
996 4450 1022 4507 t
1041 4450 1129 4508 Exod.
1141 4453 1184 4524 12,
1196 4453 1241 4510 30.
