3117 4859
441 258 590 308 wrnsnnr
610 259 775 310 misnens
797 259 851 309 aro
1163 248 1230 316 603

61 395 150 470 375.
168 397 326 468 tholdue
347 399 490 490 Eopem'o
506 400 560 468 III
571 423 680 490 papus
703 404 741 470 ds
761 403 924 472 Μαΐου
938 405 963 472 Ι
976 427 1050 493 repe
1071 410 1230 476 ammata

170 517 267 605 depe
289 539 394 584 emon
414 529 495 584 aare
518 529 701 584 mansueto
724 520 862 585 umiae
1067 519 1123 602 (ll.
1140 523 1230 605 344.)

148 649 330 718 Reverendo
351 651 436 737 patri
459 669 515 717 suo
538 655 570 718 et
591 651 719 719 domino
732 650 902 737 Elugenio)
924 653 1033 720 divina
1053 653 1158 740 gratia
1172 655 1230 722 nni
1249 662 1319 718 11⁶2

59 773 91 837 ei
118 765 288 834 universali
315 785 419 854 papae
439 767 538 834 irater
560 766 614 835 ille
635 773 740 835 vester
749 765 767 852 ¹,
796 768 858 837 Dei
880 774 913 836 et
933 775 1041 837 restra
1061 771 1166 856 gratia
1184 771 1230 857 iel,
1247 735 1313 784 ω

59 883 142 971 quod
164 889 214 950 est
235 883 268 950 in
291 883 442 952 aeaelesia
464 883 626 968 aatlroliea,
650 903 684 951 se
704 883 812 972 ipsum
832 883 951 953 iulide
972 890 1005 954 et
1026 887 1169 956 verium.

146 1000 243 1084 Eoos,
272 998 450 1068 venerande
477 1005 583 1086 pater,
614 1000 697 1085 quod
719 1000 851 1068 verebar
876 1001 999 1070 aeeidit
1043 1003 1088 1070 Et
1109 1005 1149 1072 ob
1171 1004 1231 1074 boe

58 1118 149 1204 quasi
171 1117 279 1184 divino
301 1121 334 1184 ei
354 1117 477 1204 pressio
500 1115 624 1203 spiritu,
648 1135 719 1184 oum
742 1137 845 1184 essem
866 1119 952 1206 apud
966 1138 1034 1205 ros,
1054 1140 1120 1188 non
1136 1120 1230 1188 dissi

57 1234 177 1302 mulsei
203 1253 306 1320 neque
332 1233 421 1317 silui,
450 1251 620 1318 suggerens
648 1237 680 1302 et
706 1238 902 1321 mntestam,
929 1239 966 1302 nt
986 1255 1099 1323 paoem
1120 1237 1231 1325 populi

57 1350 202 1435 Romani,
225 1349 254 1416 si
275 1349 408 1418 honesta
429 1353 462 1418 et
481 1355 551 1416 tuta
566 1369 635 1416 esse
648 1354 766 1438 posset,
788 1350 858 1418 sine
871 1351 1024 1419 dileuone
1036 1353 1229 1441 reeiperetis.

56 1467 128 1536 Etsi
151 1468 235 1534 enim
257 1485 366 1534 essum
388 1466 486 1550 hune,
514 1465 554 1533 de
577 1485 637 1551 quo
659 1484 723 1532 non
744 1466 892 1534 immrito
914 1467 1072 1555 dolemus,
1099 1469 1231 1540 minime

58 1583 343 1672 persentiebamus,
374 1583 510 1669 quadarn
538 1587 645 1649 tamen
670 1583 873 1668 presensione
893 1584 1072 1653 futurorum
1094 1587 1230 1672 angebe-

58 1721 139 1786 mur,
162 1721 203 1768 ne
224 1700 307 1767 forte
329 1719 402 1787 spes
417 1705 533 1784 vestra,
556 1717 651 1785 quam
674 1697 713 1766 de
735 1699 936 1786 expeditione
956 1702 1065 1769 futura
1080 1723 1230 1793 eonrepe

57 1819 146 1902 ratis,
170 1815 274 1902 aliquo
297 1836 403 1884 rerum
424 1821 538 1884 eventu
553 1814 725 1882 vacillaret.
758 1813 860 1883 Multa
879 1819 975 1904 enim,
998 1839 1079 1905 quae
1095 1818 1230 1906 lefflmus

57 1940 89 2001 et
115 1933 292 2001 andivimus
323 1931 531 1999 elvidium·
559 1931 643 1998 inter
669 1931 858 2001 reverendos
884 1932 979 2002 Urbis
1006 1935 1171 2023 pontifices
1199 1943 1231 2006 et

56 2051 263 2138 imperatores
290 2049 376 2118 lauta
406 2051 438 2114 et
467 2047 567 2134 dieta,
594 2067 659 2116 non
686 2048 829 2117 indebita
853 2070 912 2118 nos
933 2051 1145 2122 sollieitudine
1166 2059 1230 2122 ter·

56 2167 178 2235 rebant

144 2282 189 2351 Et
215 2282 289 2350 lieet
317 2281 454 2350 diatreta
481 2281 616 2350 eruditio
638 2287 745 2350 vestra
770 2283 810 2350 de
832 2284 919 2350 omni
939 2288 1025 2352 statu
1047 2284 1231 2356 Tbeotoniei
1304 2333 1308 2340 .

58 2402 148 2487 regni
169 2398 293 2487 plenius
315 2399 349 2464 in
371 2399 603 2485 presentiarum
631 2399 780 2466 dooeatur
801 2403 871 2466 turn
891 2399 950 2486 per
969 2399 1079 2468 literas
1100 2401 1230 2485 gloriosi

55 2517 111 2585 ilii
126 2517 226 2584 vestri
248 2520 281 2583 et
301 2515 422 2584 domini
443 2515 545 2582 nostri
566 2513 726 2582 Frederiei
746 2513 960 2584 Romanorum
981 2516 1066 2600 regia
1087 2517 1229 2586 inrietis·

55 2635 127 2702 simi
150 2637 220 2700 turn
243 2633 339 2700 etism
359 2652 418 2721 per
440 2631 559 2718 seriptu
580 2630 765 2698 devotorum
787 2629 923 2698 liliorum
939 2637 1128 2720 uestrorum,
1152 2655 1228 2720 quo·

55 2751 191 2818 randum
212 2748 360 2817 videbant
386 2747 620 2835 episcoporum,
650 2751 757 2816 tamen
784 2745 910 2815 devotio
935 2753 1046 2816 nestm
1067 2750 1151 2817 eirea
1173 2769 1228 2818 ros

56 2874 87 2936 el
108 2870 343 2935 senosanam
363 2868 499 2932 matrem
520 2869 662 2932 nostram
676 2861 849 2930 Romanam
873 2863 1057 2932 uncelenum
1079 2865 1228 2951 languere

56 3005 117 3052 nan
141 2982 260 3068 debuit,
283 2982 361 3067 quin
383 2979 599 3050 eelsitudinem
617 2986 755 3050 vestram
778 2979 933 3049 derebus
954 2982 1093 3050 maxima
1116 2983 1156 3050 ael
1170 3003 1227 3052 ros

56 3098 285 3189 perimentibus
315 3096 420 3182 aliqua
447 3116 487 3163 ex
513 3103 604 3184 parte
631 3117 897 3186 premoneremus.
944 3097 990 3166 Et
1014 3098 1228 3186 unusquisque

55 3217 88 3284 in
109 3236 168 3284 sno
191 3235 286 3282 sensu
308 3207 472 3281 semusti

143 3329 403 3400 Perreuientibua
430 3330 523 3398 nobis
552 3329 680 3416 Spiram
706 3331 740 3398 in
769 3329 875 3398 reditu
903 3330 924 3398 i
949 3330 1056 3416 vebia,
1090 3334 1228 3402 oeeurrit
1242 3346 1348 3397 rursu

55 3449 145 3517 nobis
166 3447 254 3516 lama
275 3448 360 3514 omni
384 3447 493 3514 auditu
514 3445 705 3531 horribilior,
728 3446 816 3514 omni
836 3446 920 3513 furia
938 3447 1120 3533 terribilior,
1144 3449 1227 3535 quod

56 3564 212 3634 videlieet¹
228 3565 327 3632 tercia
353 3562 429 3632 illa'
458 3563 509 3630 die
538 3561 577 3630 de
604 3561 664 3630 beo
684 3562 752 3631 vite
777 3564 946 3648 migrasset
967 3561 1167 3632 duleissimns
1190 3584 1228 3634 ae
1242 3577 1308 3627 Febr·
1318 3579 1348 3628 1⁶

56 3681 276 3750 devotissimus
310 3679 392 3748 lilius
420 3683 540 3763 uester,
576 3679 795 3748 serenissimus
827 3679 985 3765 quonlam
1013 3679 1226 3750 Romanorum

55 3819 111 3866 rex
133 3797 329 3866 Ouonradus.
374 3796 528 3864 Dubitare
549 3813 614 3862 non
635 3800 760 3882 oportet
782 3800 838 3864 aut
859 3815 990 3882 querere
1012 3795 1224 3863 sinemitatam

55 3921 210 4000 vestram,
239 3919 374 4001 quantus
396 3911 484 3979 dolor
507 3911 628 3978 animos
649 3915 774 3978 nostros
796 3911 974 4000 pervaserit
994 3909 1034 3979 de
1055 3911 1225 3981 amissione

56 4037 121 4100 tum
150 4031 313 4100 elementis
341 4035 407 4096 tam
435 4027 647 4095 misericordis
676 4027 761 4095 eirea
786 4050 844 4096 nos
872 4027 1043 4118 principis,
1070 4029 1110 4096 de
1137 4033 1225 4096 metu

55 4147 179 4217 futurae
200 4149 235 4214 in
256 4146 390 4236 imperio
412 4144 604 4212 mutationis.
678 4143 924 4229 Eravigarimus
945 4145 993 4212 ita
1014 4165 1138 4213 summa
1150 4165 1224 4214 eum

127 4305 147 4340 ⁸·
169 4289 291 4338 villielmus
307 4307 326 4336 e.
389 4287 413 4335 b.
428 4283 468 4334 illi
483 4305 503 4334 e.

126 4379 152 4434 1.
177 4377 259 4435 caret
280 4375 365 4447 igitur
387 4373 457 4431 baeu
479 4374 598 4445 epistola
620 4374 732 4434 nomina
748 4372 903 4432 seribentis.
991 4375 1017 4434 2.
1036 4374 1114 4432 Rom
1133 4375 1177 4449 14,
1194 4375 1221 4434 5.
