3117 4859
196 224 198 229 ’
334 236 400 303 234
712 252 861 302 emmor
880 252 1046 302 semrom
1068 252 1122 300 roo.

246 400 315 457 1146
332 396 421 463 boiae
446 398 481 463 ll
504 395 573 462 Kal.
591 394 778 465 Nouembris
789 392 805 462 ¹.
845 394 1013 463 Stabulsus
1034 401 1255 483 peruenerunt,
1276 402 1416 463 notham
1435 397 1488 465 in-

332 512 533 580 bcoilhtetem
562 512 603 580 ad
629 512 768 599 regimen
795 517 903 579 tentes
927 511 975 580 rei
996 518 1063 579 tam
1085 532 1143 599 per
1163 511 1286 581 littsros
1308 532 1382 580 suus
1403 534 1490 615 quun

332 630 425 697 etism
450 650 508 718 per
530 628 696 717 epistolam
718 630 826 697 domni
846 630 931 714 rems
953 649 991 695 ec
1011 629 1119 695 domni
1132 628 1416 699 Potherburneusis
1431 632 1492 718 epi-

226 475 316 523 oecuo

331 747 418 833 scopi
445 750 477 813 et
500 745 633 813 aliorum
656 746 852 833 quorundam
873 744 1067 833 principum,
1093 765 1154 813 nec
1173 766 1238 813 non
1257 748 1400 834 praeuti
1419 768 1493 815 nun

330 863 450 929 ciorum
474 862 609 949 alloquio
633 861 770 931 officiose
792 869 825 930 et
845 861 1031 949 suppliciter
1050 862 1290 930 invitaverunt.
1335 863 1404 931 Nou
1424 869 1495 932 tuno

331 997 454 1046 cramus
477 979 511 1046 in
533 979 652 1066 synodo
675 979 858 1047 Leodiensis
880 977 1059 1063 eecclesiae,
1081 998 1177 1065 quam
1196 979 1389 1048 uenerabilis
1409 986 1495 1068 puter

329 1102 437 1163 noster
458 1095 624 1163 Heinrious
652 1095 745 1162 huius
773 1096 911 1162 nominis
939 1094 1093 1162 secundus
1119 1092 1303 1163 Leodiensis
1332 1097 1496 1184 episeopus

330 1232 370 1280 ex
391 1230 479 1279 more
501 1210 687 1279 celebrabat.
722 1210 812 1278 Unde
834 1230 907 1278 oum
927 1216 1166 1295 reverteremur,
1189 1212 1230 1278 ad
1247 1212 1496 1300 propositurum*

329 1327 512 1395 monasterii
551 1327 761 1413 stabulensis,
802 1328 885 1414 quod
918 1327 1185 1395 Malmundorium
1216 1328 1348 1415 dicitur,
1384 1329 1496 1397 festum

220 1456 269 1505 oe.
282 1458 310 1505 ³1
330 1446 469 1511 omnium
497 1439 693 1511 sanctorum¹
717 1443 919 1530 celebraturi,
947 1444 1184 1512 moneremus.
1228 1445 1337 1532 Atque
1359 1464 1435 1513 oum
1460 1446 1498 1512 sd

329 1562 543 1648 vespertinam
565 1562 710 1648 synaxim
734 1560 800 1627 iam
820 1561 944 1645 ingredi
966 1580 1104 1629 essemus
1125 1561 1246 1648 parati,
1272 1561 1363 1630 uenit
1385 1561 1497 1630 Stabu-

328 1676 424 1745 lensis
440 1677 579 1762 nuntius,
596 1676 774 1762 significuus
789 1677 891 1763 nobis,
907 1678 991 1763 qued
1004 1677 1101 1762 legati
1114 1677 1220 1763 regiae
1233 1678 1341 1745 curiae
1353 1684 1497 1747 nostrum

329 1794 413 1882 apud
428 1794 595 1863 Stubulaus
616 1793 864 1881 prestolarentur
885 1794 1065 1879 aduentum,
1087 1794 1285 1863 nullomodo
1306 1794 1385 1863 inde
1399 1816 1498 1863 reesa·

329 1912 395 1978 suri
417 1910 467 1978 vcl
490 1910 569 1977 alies
592 1930 667 1977 suee
688 1909 857 1995 legationis
878 1910 976 1978 verba
997 1910 1182 1997 exposituri,
1203 1911 1267 1977 nisi
1288 1912 1323 1979 in
1346 1911 1499 1980 aecclesie

328 2026 506 2095 stabulensi
523 2046 630 2094 eorem
642 2026 756 2113 positis
771 2027 913 2094 ciusdem
933 2026 1118 2094 monastcrii
1138 2026 1299 2095 frutribus.
1332 2028 1403 2096 Nos
1425 2049 1497 2097 uero

326 2164 384 2231 pro
413 2142 590 2211 reverentie
614 2142 733 2209 domini
760 2144 862 2210 nostri
889 2143 973 2227 regis
1000 2144 1148 2210 contirmo
1177 2145 1315 2211 ascensis
1343 2147 1437 2232 cquis
1459 2146 1498 2212 ud

328 2258 512 2327 Stubulense
526 2260 753 2326 monasterium
766 2260 903 2326 transire
916 2260 1145 2326 festinavimus.
1171 2258 1233 2326 Ubi
1247 2260 1313 2326 iem
1327 2281 1403 2329 sero
1415 2263 1497 2329 nee

326 2376 476 2443 mandate
498 2376 617 2442 domini
638 2376 739 2443 nostri
764 2376 848 2460 regis
871 2381 904 2442 et
924 2376 1120 2463 principum,
1148 2396 1206 2443 nee
1232 2396 1297 2443 uon
1326 2376 1497 2447 aecclesiae

326 2492 523 2560 Gorbeiensis
538 2492 723 2580 petitionem
737 2496 806 2558 tum
828 2511 886 2579 per
907 2494 1027 2580 scripte
1047 2497 1116 2559 tum
1137 2494 1387 2579 permissorum
1401 2494 1497 2563 verbs

326 2608 529 2696 suscepimus.
564 2608 717 2696 Inspectis
732 2608 877 2675 omnibus
899 2614 933 2676 et
954 2608 1080 2693 auditis,
1102 2628 1171 2675 reru
1193 2628 1319 2676 omnem
1339 2614 1496 2698 usquein

325 2727 496 2793 crastinum
519 2726 559 2792 cd
580 2744 733 2813 responsa
752 2724 992 2811 premeditunda
1012 2723 1202 2791 distulimus.

412 2840 489 2929 lam,
512 2842 689 2909 uenerande
711 2846 813 2928 peter,
835 2840 877 2908 ed
899 2862 971 2908 cum
992 2841 1097 2909 locum
1110 2841 1267 2909 humando
1281 2844 1494 2929 pervenimus

324 2960 378 3027 ubi
405 2978 465 3026 neo
493 2964 596 3025 tacere
625 2958 795 3025 audeamus
822 2961 953 3045 propter
974 2957 1131 3025 sanandus
1153 2978 1192 3025 ac
1210 2960 1402 3027 muniendas
1423 2980 1496 3029 eon·

325 3075 472 3142 scientius
499 3075 634 3141 fratrum
660 3080 841 3141 nostrorum
862 3074 981 3141 Christi
1005 3076 1158 3159 sanguine
1178 3076 1418 3163 redemptorum
1440 3096 1496 3146 nuc

325 3191 410 3277 loqui
437 3196 503 3257 tute
526 3190 685 3257 valcamus
711 3197 843 3279 propter
863 3191 1024 3258 irrisiones
1047 3211 1170 3276 eorum,
1198 3194 1253 3278 qui
1274 3195 1428 3280 superbia
1447 3196 1494 3263 in·

324 3306 441 3375 llantur
462 3312 495 3373 ct
516 3308 687 3375 ambitione
700 3306 910 3392 flammantur,
934 3313 967 3375 et
979 3312 1110 3395 propter
1123 3310 1237 3376 secreti
1250 3312 1352 3377 nostri
1366 3310 1493 3396 bonum,

324 3424 408 3510 quod
432 3420 575 3490 evacuari
597 3424 812 3491 formidemus.
845 3423 901 3491 Set
923 3424 1080 3511 accipiant
1093 3424 1245 3510 homines,
1268 3431 1304 3491 ut
1317 3427 1441 3513 volunt,
1462 3433 1494 3495 et

324 3540 472 3607 iudicent.
494 3540 559 3606 Nos
574 3541 722 3626 quonism
735 3542 770 3607 in
783 3541 965 3609 innocentie
977 3545 1087 3609 nostre
1098 3542 1235 3626 ingressi
1248 3564 1369 3630 sumus,
1385 3564 1492 3613 remur

323 3662 404 3724 teste
425 3656 492 3724 Deo
515 3656 695 3723 referemus.

224 3788 306 3837 mvn
412 3772 492 3839 cum
514 3772 554 3838 cd
575 3773 764 3841 matutinam
787 3774 933 3860 synenm
954 3793 1032 3841 sono
1054 3775 1204 3841 canonico
1220 3776 1349 3842 excitati
1363 3776 1489 3861 fuimus,

323 3889 395 3957 talis
423 3889 573 3973 cogitacio
600 3890 691 3957 nobis
719 3889 831 3957 oborta
856 3895 918 3975 est,
945 3895 997 3975 ut,
1026 3895 1154 3977 peracto
1175 3892 1356 3959 matutinali
1378 3892 1489 3977 officio,

395 4028 414 4061 s.
430 4014 536 4063 nvmvo
551 4031 570 4059 ι.
625 4014 647 4061 b.
662 4015 829 4074 propositurum
844 4024 866 4061 ar
880 4014 1023 4062 stsbulsusis
1038 4014 1101 4075 quod
1115 4025 1137 4061 er
1150 4014 1235 4063 dicitis
1248 4034 1318 4067 cm
1332 4028 1386 4065 mr
1400 4022 1424 4065 ι’.
1438 4020 1488 4065 ad.

393 4103 418 4156 1.
436 4100 469 4157 ln
487 4100 541 4157 hoe
553 4100 615 4157 loeo
627 4101 724 4156 vitium
738 4102 825 4173 inest,
842 4100 1001 4157 wibaldum
1014 4101 1086 4157 euim
1098 4100 1144 4157 die
1156 4103 1192 4157 20
1203 4102 1261 4159 cet
1276 4105 1322 4172 (13
1333 4104 1396 4160 Kul.
1408 4105 1487 4171 Nou.)

322 4188 449 4246 abbatem
468 4190 662 4263 corbeiensem
680 4189 797 4245 electum
816 4205 892 4260 esse,
915 4190 998 4247 docet
1020 4197 1050 4247 et
1067 4190 1299 4263 chronographus
1316 4193 1485 4250 corbeiensis

323 4278 417 4346 (supra
433 4292 460 4346 p.
474 4276 519 4345 50)
537 4284 566 4334 st
578 4278 665 4337 Notae
678 4278 856 4336 stabulenses
874 4282 969 4349 (supra
984 4294 1014 4350 p.
1028 4279 1249 4350 75)etwibo1di
1259 4282 1364 4353 tsbulo,
1382 4282 1418 4339 de
1434 4268 1486 4352 oua

323 4362 360 4420 ol.
378 4380 460 4435 supra
476 4380 503 4435 p.
517 4368 552 4423 bc
570 4384 598 4423 u.
611 4368 636 4422 1.
707 4368 733 4423 2.
751 4368 823 4427 Nou.
837 4369 862 4424 1.
