3117 4859
290 335 291 339 η
341 284 406 353 268
718 301 867 352 uranum
886 303 1051 353 nrrsrons
1074 304 1128 351 ror.

253 450 322 506 urle
340 445 554 513 moderatione
575 446 749 534 respondit,
771 452 808 513 ut
828 466 887 513 nec
908 448 1009 533 patris
1032 446 1179 533 proderet
1199 446 1316 513 vicium
1336 466 1395 513 uec
1412 446 1488 514 falsi

340 563 415 629 tatis
436 563 611 629 incurreret
632 544 806 650 peceatum.
852 560 989 631 Proinde
1009 584 1068 631 uos
1091 583 1128 630 ac
1148 583 1207 650 per
1227 582 1286 629 nos
1307 582 1413 630 omnes
1433 564 1490 631 iere

267 736 269 743 ,
338 680 439 746 tocius
452 678 607 746 Senoniae
622 680 750 747 abbates
761 684 901 746 vestram
912 680 1110 747 clementiam
1123 678 1285 746 humiliter
1298 678 1490 767 inploramus,

338 800 384 879 ut,
407 796 483 883 quia
503 795 685 863 scandalum
707 797 817 865 hocin
837 797 994 883 principio
1016 800 1141 863 vestrae
1162 796 1203 862 ad
1223 796 1365 879 regimen
1387 794 1492 863 aeccle

338 912 499 979 siasticum
521 912 729 1000 promotionis
757 912 913 999 pullulare
943 919 975 980 et
996 932 1158 1000 erumpere
1180 913 1389 1000 presumpsit,
1413 918 1493 979 tanto

337 1029 371 1094 id
394 1029 591 1096 discretionis
614 1027 681 1097 zelo
705 1030 886 1114 corrigatis,
915 1035 951 1097 ut
979 1028 1136 1097 aecclesia·
1149 1028 1211 1095 Dei
1232 1029 1382 1113 gaudeat,
1409 1050 1441 1095 se
1460 1029 1494 1095 de

337 1151 444 1213 restra
471 1146 603 1212 scientie
629 1144 793 1212 nobilitate
822 1165 860 1212 ec
886 1147 1030 1233 potentia
1049 1145 1207 1213 invenisse
1229 1144 1394 1229 solatium,
1417 1144 1494 1211 etin

274 1330 276 1339 ,
338 1261 447 1329 diebus
470 1262 567 1328 uestri
583 1261 750 1328 sacerdotii
770 1262 872 1327 omnis
892 1263 1089 1349 presumptio
1104 1261 1302 1328 conculcetur
1324 1266 1358 1330 et
1378 1260 1495 1327 iusticia

337 1383 370 1444 et
390 1378 507 1445 ueritas
530 1378 664 1465 accipiat
686 1378 924 1445 incrementum.
968 1378 1086 1445 Scienti
1108 1377 1210 1463 legem
1231 1377 1401 1464 loquimur.
1437 1375 1493 1443 lix*

335 1493 421 1581 pulsi
443 1498 498 1560 ant
520 1493 669 1581 expoliati
691 1493 786 1561 rebus
808 1495 873 1560 suis
887 1495 994 1561 vocari
1015 1494 1056 1561 ad
1069 1514 1197 1562 causam
1210 1514 1270 1561 neo
1281 1494 1418 1560 indicari
1430 1514 1491 1580 pos·

337 1615 425 1693 sunt,
455 1611 604 1695 quonism
624 1630 687 1676 uon
711 1614 759 1676 est
780 1610 997 1697 priuilegium,
1025 1632 1088 1697 quo
1115 1610 1269 1697 expoliari
1290 1611 1418 1697 possint
1438 1610 1495 1675 iam

335 1726 462 1809 nudati3
487 1732 598 1793 ennete
611 1747 696 1810 vero,
713 1747 793 1813 quse
810 1728 856 1793 eis
871 1725 977 1793 ablata
990 1732 1074 1811 snut,
1092 1729 1242 1813 potestati
1258 1746 1368 1794 eornm
1382 1724 1496 1810 legibus

335 1842 597 1928 redintegrentur,
621 1848 653 1910 et
675 1843 841 1930 postmodo
862 1863 927 1909 non
950 1842 1008 1909 snb
1030 1844 1157 1928 angusti
1172 1844 1323 1931 temporis
1339 1844 1448 1930 specio
1461 1840 1496 1907 ad
1553 1823 1554 1886 3

335 1978 462 2027 eausam
484 1959 649 2026 dicendam
663 1965 824 2044 vocentur,
847 1965 896 2026 set
912 1964 1035 2026 tantum
1050 1961 1201 2047 temporis
1216 1961 1361 2047 spacium
1376 1959 1423 2026 eis
1436 1958 1496 2045 ple·
1553 1955 1554 2006 ἶ

334 2096 409 2142 nam
431 2077 571 2143 omnium
593 2096 699 2142 rerum
722 2095 851 2141 suarum
877 2076 1058 2143 facultatem
1082 2076 1269 2143 habentibus
1289 2075 1495 2161 indulgeatur,
1553 2125 1554 2184 ἦ

335 2198 488 2278 quantum
503 2192 653 2279 expoliati
668 2191 718 2259 vel
734 2190 859 2278 expulsi
879 2212 948 2258 esse
962 2192 1108 2259 ridentur
1116 2189 1134 2259 ¹.
1168 2192 1257 2271 Quod
1278 2213 1354 2259 vero
1378 2190 1495 2273 dicitur,
1553 2205 1554 2240 ³

335 2310 561 2395 quiapropter
584 2308 700 2376 bonum
722 2308 811 2395 pacis
834 2308 875 2374 sit
898 2314 1036 2392 amotus,
1064 2329 1105 2375 ne
1126 2310 1208 2376 forte
1229 2307 1495 2377 vehementinsin

335 2446 406 2493 eum
430 2425 567 2491 sevirent
588 2424 743 2509 monachi,
767 2430 891 2491 avertat
906 2424 992 2491 Deus
1014 2424 1096 2491 hanc
1116 2444 1228 2512 pacem
1250 2430 1283 2491 et
1303 2426 1364 2491 hoc
1385 2425 1496 2491 benun
1553 2451 1554 2508 3

335 2542 374 2609 ab
398 2541 549 2608 aecclesie
563 2562 630 2625 sua
653 2546 689 2608 ut
702 2540 817 2628 prelati
832 2545 963 2628 propter
976 2541 1035 2607 hoc
1048 2541 1180 2627 fugiant,
1202 2563 1244 2608 ne
1258 2542 1380 2608 subditi
1393 2560 1494 2608 eorum

333 2658 501 2725 insaniant
536 2658 618 2737 Quin
639 2659 748 2744 pocius
776 2656 825 2723 illi
851 2658 1026 2743 proiciendi
1048 2663 1123 2723 sunt
1143 2662 1176 2724 et
1195 2657 1288 2741 longe
1310 2662 1406 2725 extra
1424 2654 1495 2723 lines

333 2773 503 2859 relegandi,
526 2775 591 2861 qui,
611 2774 732 2842 abiecta
745 2774 893 2860 propriae
912 2774 1118 2860 professionis
1132 2773 1251 2857 regula,
1273 2793 1436 2841 sacrorum
1449 2792 1495 2839 ca·
1553 2777 1554 2850 ξ

333 2911 450 2957 nonum
473 2890 626 2956 institutis
649 2894 759 2956 contra
780 2894 888 2976 patres
905 2893 1068 2956 armantur
1089 2894 1131 2974 et,
1155 2890 1230 2957 dum
1252 2890 1292 2957 de
1313 2910 1379 2956 uno
1401 2890 1493 2977 ipsius

333 3026 463 3073 excessu
486 3012 727 3092 conqueruntur,
751 3005 908 3072 scandalis
929 3005 1082 3072 mundum
1104 3006 1237 3093 implere
1257 3024 1321 3073 non
1340 3011 1493 3074 verentur.

333 3122 449 3189 Mittite
464 3122 628 3190 Gorbeium
645 3122 716 3189 illos
736 3122 947 3189 ferocissimos
962 3123 1046 3188 viros
1062 3159 1105 3169 -
1122 3124 1177 3209 qui
1199 3122 1350 3189 aduersus
1373 3123 1494 3190 abbates
1553 3103 1554 3172 ἶ

333 3258 406 3307 suos
433 3240 522 3325 prius
552 3245 650 3322 agunt
670 3239 806 3306 fustibus
835 3258 930 3325 quam
957 3238 1150 3323 rationibus,
1174 3243 1247 3305 ante
1267 3239 1386 3325 pugnis
1407 3256 1493 3325 quun
1553 3289 1554 3292 ,

332 3355 447 3439 uerbis,
471 3361 503 3421 et
523 3358 599 3421 tunc
619 3356 758 3442 primum
780 3356 935 3422 infamare
957 3375 1014 3441 per
1036 3356 1155 3443 scripta
1175 3355 1340 3442 incipiunt,
1368 3375 1441 3421 cum
1459 3354 1494 3418 de
1553 3377 1554 3408 1

332 3476 400 3538 tota
414 3471 653 3555 congregatione
674 3478 705 3538 et
724 3476 793 3538 tota
807 3471 934 3538 abbatia
947 3470 1126 3558 expulerint
1140 3508 1183 3517 —
1199 3478 1236 3538 ut
1249 3473 1351 3539 sciant
1364 3472 1492 3560 prophe

331 3593 399 3654 tam
422 3608 490 3653 esse
512 3588 545 3653 in
562 3582 685 3653 Israel¹.
720 3587 835 3655 Vestra
855 3589 952 3672 igitur
974 3587 1131 3672 discretio,
1154 3592 1260 3661 vestm
1280 3590 1395 3675 pietas,
1418 3586 1492 3675 quod

330 3724 389 3792 per
411 3723 544 3769 canones
566 3702 688 3770 tooure
710 3710 773 3788 est,
802 3705 898 3771 faciet
918 3725 975 3792 per
1001 3682 1250 3771 misericordiam
1273 3726 1324 3788 ac,
1347 3706 1492 3773 restituto
1553 3711 1554 3728 ¹

332 3821 444 3888 abbate
459 3820 493 3885 in
507 3840 614 3916 rerum
629 3840 666 3887 ac
681 3822 888 3907 possessionis
903 3842 979 3888 suae
993 3821 1184 3905 integritate,
1200 3821 1241 3887 ad
1253 3840 1377 3907 pacem,
1389 3823 1418 3888 si
1430 3818 1491 3887 lieri

331 3941 446 4025 potest,
469 3941 581 4002 cuncta
602 3937 772 4021 revocabit,
795 3936 847 4003 vel
861 3942 962 4004 certe·
977 3937 1086 4003 iudicii
1101 3938 1247 4004 examine
1260 3938 1409 4005 universa
1421 3956 1490 4024 pen·

331 4054 422 4121 sebit.
457 4051 644 4119 Benedictus
660 4052 756 4137 Deus,
780 4052 835 4139 qui
857 4052 944 4120 dedit
962 4054 1062 4138 vobis,
1084 4053 1285 4140 inpartibus
1307 4053 1371 4121 illis
1393 4052 1489 4122 omnia

329 4190 439 4257 posse,
470 4188 672 4256 quaecunque
698 4170 902 4257 inspiraverit
929 4170 1019 4238 vobis
1041 4168 1137 4251 uelle3
1167 4175 1260 4256 atque
1288 4171 1359 4239 ideo
1381 4170 1487 4239 benun

403 4358 549 4405 atterod-

338 4516 343 4526 ,
405 4462 429 4515 1.
448 4460 751 4519 0i.Decret.Gratinui
767 4461 914 4517 Met.
933 4462 1209 4533 q.r;ece3.q.a
1277 4457 1484 4533 &timuit
