3117 4859
401 295 550 347 vmsnm
571 296 757 348 mrsrourn
777 296 831 346 aas.
848 298 903 345 ass.
1168 284 1235 353 393

65 438 229 509 beatitudo
243 440 439 528 promittitur
447 436 465 526 ¹,
483 440 600 509 idcirco
615 440 702 527 pacis
719 445 752 509 et
764 440 866 508 bonae
880 432 1116 530 compositionis
1132 445 1236 513 studio
1253 452 1325 508 1150

65 557 108 624 ad
130 556 318 645 sopiendum
339 556 514 625 discordias
535 556 664 643 malum,
687 557 771 644 quod
785 558 939 627 intervos
954 563 987 626 et
1000 559 1145 628 abbatem
1160 560 1237 628 Gor·

64 674 242 760 beiensem,
270 694 381 743 revera
408 674 545 741 amicum
573 679 732 759 nostrum,
761 678 811 741 est
831 680 941 742 natum
963 680 996 742 et
1016 694 1088 743 cum
1110 694 1237 745 accessu

63 796 247 879 tsmpormn
269 796 318 859 est
340 794 591 876 augmentatum,
615 808 686 856 oum
708 790 861 859 iratribus
880 792 997 860 nostris
1018 792 1161 861 laborem
1180 813 1238 861 no-

64 914 171 975 strum
192 907 326 976 libenter
347 908 569 997 impendimus.
615 905 675 973 Oui
695 906 769 975 licet
791 912 936 996 speratus
958 907 1086 977 silemus
1107 910 1239 979 minime

64 1024 252 1110 accesserb,
279 1030 401 1111 tamen,
431 1026 506 1113 quia
526 1026 610 1093 hunc
631 1030 738 1092 vestra
758 1024 851 1093 nobis
869 1028 1067 1111 recognoscit
1087 1027 1237 1114 dignatio,

62 1141 162 1231 valde
183 1142 354 1225 gaudemus
378 1147 410 1211 et
432 1143 614 1231 adipsum,
642 1142 670 1209 si
692 1142 877 1229 expedierit,
898 1142 1120 1211 resumendum
1142 1142 1239 1212 effici·

62 1279 142 1327 mur
174 1260 393 1347 promptiores.
445 1258 619 1327 Consilium
646 1263 751 1327 autem
780 1260 888 1327 sanius
917 1280 970 1345 eo,
999 1259 1082 1346 quod
1107 1259 1240 1329 Hamele

62 1374 160 1443 vobis
183 1376 413 1463 intimavimus,
440 1375 592 1444 fratibus
614 1376 731 1443 nostris
753 1374 1104 1445 Hildenesbemensibus
1125 1397 1240 1466 prepo-

63 1494 141 1561 sitis
169 1494 204 1560 in
227 1513 263 1561 eo
290 1494 360 1581 ipso
389 1492 480 1561 nobis
507 1491 764 1579 assentientibus,
791 1513 876 1560 nunc
896 1494 1039 1561 invenire
1059 1496 1239 1581 nequimus3

64 1612 103 1678 in
127 1630 191 1697 quo
213 1610 354 1677 omnium
374 1614 518 1677 nostrum
539 1609 651 1676 honori
668 1606 860 1677 sufficienter
872 1610 1034 1698 provisum
1048 1630 1118 1678 esse
1132 1613 1242 1679 existi·

63 1726 238 1795 mavimus.
268 1726 399 1794 Vestrae
421 1726 519 1811 igitur
540 1725 737 1794 discretionis
760 1726 927 1811 sagacitati
941 1726 1178 1795 deliberandum
1191 1750 1241 1796 re-

64 1844 254 1931 linquimus,
277 1842 428 1930 nobisque
442 1842 651 1911 familiaribus
666 1844 794 1931 scriptis
808 1843 1042 1929 insinuandum,
1060 1845 1089 1911 si
1101 1844 1154 1912 vel
1166 1850 1243 1913 tunc

66 1960 270 2051 propositam
283 1959 335 2029 vel
357 1958 452 2029 adam
466 1965 697 2049 competentem
711 1958 973 2028 reconciliationis
987 1961 1073 2029 viam
1087 1963 1243 2032 sustinere

67 2078 254 2164 dignemini
296 2076 435 2157 Quodsi
457 2099 478 2145 a
498 2079 588 2148 vobis
610 2079 679 2147 sine
702 2076 906 2162 ambiguitate
926 2078 1180 2166 cognoverimus,
1203 2099 1245 2148 ne
1306 2126 1314 2137 -

67 2196 221 2265 videlicet
241 2194 329 2263 labor
351 2200 459 2263 noster
480 2193 537 2261 liat
557 2192 678 2279 irritus,
702 2195 730 2261 si
751 2195 866 2262 iterato
883 2215 956 2262 eum
970 2197 1244 2283 assumpserimus,

68 2320 108 2381 nt
131 2314 265 2381 domnus
288 2312 384 2380 abbas
407 2312 441 2378 in
463 2312 548 2397 loco,
572 2310 613 2378 ad
636 2330 730 2397 quem
751 2316 840 2377 tutus
863 2312 893 2378 ei
914 2312 957 2379 sit
979 2330 1132 2398 accessus,
1153 2310 1244 2379 vobis

69 2435 228 2515 occurret,
251 2435 283 2497 et
304 2435 340 2496 ut
361 2429 514 2497 dissensio
536 2446 668 2515 presens
688 2416 856 2495 honestum
868 2425 964 2495 finam
979 2429 1123 2517 accipiat,
1147 2448 1245 2515 quau·

68 2556 142 2617 tum
163 2548 349 2635 poterimus,
370 2544 505 2614 fideliter
525 2544 670 2612 laborare
693 2564 756 2611 non
778 2544 980 2612 cmsabimus.

72 2761 166 2834 266.
183 2762 343 2831 moutam
369 2761 600 2829 stabulensibus
627 2760 733 2827 scibit
759 2760 800 2825 de
824 2781 883 2825 aaa
910 2779 980 2825 orca
1001 2755 1149 2824 Hebraico
1178 2760 1245 2847 cpi·

186 2901 279 2969 scopo
296 2879 454 2947 roncas
475 2876 690 2943 cootwersto.
724 2873 886 2958 Honotcr,
909 2885 945 2941 ut
965 2896 1055 2941 mom
1076 2875 1246 2941 suasam

182 2998 339 3086 patinuos·
351 2994 470 3085 serant.
599 3006 614 3047 ⁰
1082 2986 1138 3087 (ll
1155 2988 1245 3072 248.)

165 3130 278 3198 Frater
298 3126 487 3211 Wtibaldus)
511 3126 571 3195 Dei
598 3126 701 3210 gratia
724 3122 920 3192 stabulensis
947 3120 1116 3191 aecclesiae
1137 3142 1247 3193 servus
1278 3138 1349 3195 1150

71 3247 239 3334 lt(oberto)
262 3244 435 3313 venerabili
462 3244 579 3311 decano
603 3246 635 3309 et
656 3242 789 3310 casuris
811 3240 935 3309 dilectis
954 3238 1029 3307 liliis
1052 3238 1248 3307 Stabulensis
1265 3215 1361 3323 Ἥ

74 3364 249 3437 aecclesiae
269 3362 420 3431 fratribus
441 3360 693 3429 benedictionem
715 3362 748 3425 et
769 3357 869 3425 vitam
890 3358 1045 3444 usquein
1067 3356 1216 3424 saulum

166 3480 313 3550 Meminit
334 3478 459 3547 dilectio
474 3483 589 3561 vestra,
614 3480 734 3563 quauta
746 3457 921 3560 vigilantia,
944 3480 1063 3561 quanta
1083 3474 1248 3541 devotione

75 3604 112 3670 in
135 3597 335 3667 sublevandis
357 3600 390 3663 et
409 3593 631 3683 promovendis
653 3592 747 3660 rebus
762 3591 895 3659 dilectae
909 3592 1020 3658 matris
1034 3595 1161 3658 rosnae
1177 3589 1248 3657 Sta-

76 3717 219 3788 bulensis
247 3713 414 3783 aecclesiae
445 3732 569 3800 semper
594 3709 709 3778 intenti
735 3709 903 3791 fuerimus3
933 3708 1017 3795 quod
1043 3712 1077 3775 et
1100 3707 1249 3793 deinceps

75 3854 143 3903 non
167 3832 303 3918 segniori
325 3830 486 3915 instantia,
509 3830 544 3895 iu
566 3832 718 3915 quantum
733 3824 819 3893 Deus
833 3824 994 3892 laboribus
1007 3825 1125 3893 nostris
1139 3824 1250 3891 adeam

78 3948 277 4037 dignabitur,
310 3948 471 4015 fouemus.
521 3945 604 4012 Nam
632 3942 716 4030 quod
743 3942 784 4009 ad
812 3941 1020 4010 sublevandas
1046 3940 1249 4009 necessitates

77 4074 217 4152 vestras,
244 4084 319 4133 mox
341 4069 377 4131 ut
400 4085 419 4131 a
441 4062 568 4131 servitio
592 4061 699 4128 domni
720 4060 805 4145 regis
828 4064 861 4127 et
882 4078 901 4126 a
923 4059 1011 4127 curia
1030 4058 1132 4146 ipsius
1153 4076 1249 4144 eupe-

78 4187 139 4255 diti
160 4177 306 4268 fuimus,
329 4182 464 4249 transire
487 4179 597 4247 advos
620 4176 810 4261 distulimus,
831 4176 1044 4265 impedierunt
1064 4193 1122 4242 nos
1142 4172 1249 4241 multi-

77 4303 179 4393 plices
202 4319 296 4367 curae
319 4303 352 4367 et
372 4296 552 4383 gravissimi
568 4294 712 4381 iabores,
738 4314 817 4381 quos
838 4294 875 4361 in
895 4291 1077 4361 (lorbeiensi
1098 4290 1250 4361 aecclesia

151 4434 178 4488 1.
194 4428 294 4488 Maon
306 4429 332 4501 5,
343 4430 370 4487 9.
440 4430 467 4487 2.
485 4428 554 4499 apr.
567 4428 611 4485 20.
634 4424 792 4498 nepam
810 4422 1089 4496 repausans.
1160 4486 1166 4491 ,
