3117 4859
297 274 342 344 54
608 288 912 340 onnonoeuuuuus
935 287 1156 338 couenmusm

299 455 334 502 se
353 432 515 502 votiiieant
536 432 672 501 invisere
694 437 838 498 sanctum
860 430 989 498 Domini
1012 431 1189 519 sepulerum
1197 427 1215 517 ¹,
1238 431 1354 518 absque
1375 431 1468 499 intri-

299 551 432 618 catioms
454 549 698 636 intercapedine,
722 554 874 635 quantum
895 547 996 628 valuit
1016 568 1074 635 pro
1091 547 1230 634 agilioris
1247 567 1284 615 ae
1297 547 1468 616 devotioris

298 662 462 752 legatarii¹
483 667 701 747 fmdnadone3
731 669 763 732 et
790 665 824 731 id
853 665 966 731 domno
994 664 1100 733 abbati
1122 665 1241 751 placuit
1261 665 1468 748 innotescere,

301 803 337 850 ac
359 783 419 850 sibi
440 802 476 851 se
497 783 652 850 mandans
674 783 708 848 in
724 755 875 848 Fuidensi
897 779 1029 849 ecelesia
1049 784 1072 847 4
1091 780 1160 848 Kal.
1176 779 1339 850 Februarii
1360 799 1469 847 occur·

203 911 273 966 1147
300 919 377 969 rere.
414 899 499 966 Talis
522 920 596 984 ergo
610 898 831 966 iniunctionis·
845 898 930 964 facta
945 899 1140 983 erecuoioue,
1164 901 1397 966 commorantur
1411 895 1470 963 ali·

193 985 240 1032 Μ
253 987 283 1032 ²⁹
301 1015 451 1103 quamdiu
472 1037 536 1082 uua
556 1017 591 1082 in
612 1014 811 1082 massarii*
834 1016 1013 1097 mansione;
1044 1015 1191 1100 quatinus
1214 1019 1246 1081 et
1266 1014 1334 1101 ipse
1356 1012 1472 1081 debeat

300 1153 406 1200 secum
428 1132 586 1199 &manae
614 1132 719 1219 apices
746 1131 900 1216 revisere,
928 1125 1063 1198 insistit³
1086 1130 1202 1218 oppido
1229 1149 1265 1196 ae
1285 1129 1468 1196 multifarie.

300 1249 384 1317 Hine
405 1249 502 1317 abbas
518 1266 589 1315 cum
604 1249 873 1316 communicassed
887 1246 1052 1314 eonsilium
1066 1265 1139 1313 cum
1152 1245 1297 1314 fidelibus
1312 1252 1345 1313 et
1359 1247 1471 1314 amicis

302 1365 383 1451 suis,
417 1385 482 1432 una
508 1366 614 1432 cuncti
641 1365 874 1433 consultacione
901 1363 1033 1430 accincti
1061 1363 1202 1449 aiebam,
1231 1363 1291 1430 iter
1317 1362 1377 1430 hoc
1405 1383 1471 1429 non

301 1481 509 1550 intermittere
532 1481 644 1548 debere
665 1482 771 1568 ipsum
793 1501 851 1548 uec
872 1501 976 1568 posse,
999 1481 1081 1566 quod
1105 1484 1187 1547 esset
1200 1479 1407 1563 necessarius,
1431 1479 1472 1548 ob

301 1599 335 1665 id
358 1603 390 1665 et
410 1597 597 1686 plurimum:
625 1597 708 1684 quod
729 1596 856 1685 publica
879 1602 911 1664 et
931 1597 1058 1685 privata
1078 1596 1162 1680 regis
1184 1596 1329 1680 negocia,
1352 1596 1386 1662 in
1409 1595 1473 1664 Re-

302 1735 397 1781 manu
417 1715 507 1781 curia
527 1713 721 1781 sollemniter
742 1719 881 1800 peracta,
904 1713 983 1780 nulli
998 1713 1044 1780 sio
1059 1733 1098 1779 ex
1113 1712 1235 1796 integro
1250 1713 1390 1796 cognita3
1415 1732 1474 1798 per

303 1831 532 1917 eumdemque
554 1831 629 1917 quia
650 1836 682 1898 et
703 1830 857 1917 disposita
879 1835 911 1896 et
932 1849 1028 1896 manu
1050 1830 1151 1916 ipsius
1173 1833 1246 1896 sunt
1269 1833 1416 1914 exarata,
1440 1833 1474 1896 et

302 1947 415 2015 horum
442 1948 582 2015 omnium
610 1947 804 2034 exemplaria
831 1965 927 2035 penes
949 1967 984 2014 se
1006 1945 1181 2026 manentia;
1205 1945 1334 2031 ipseque
1357 1944 1398 2012 ad
1420 1967 1472 2013 re-

303 2069 445 2152 spectum
471 2063 706 2132 honorificentie
731 2064 818 2149 regie
845 2063 900 2130 fax
927 2068 959 2130 et
980 2063 1123 2130 incentor
1145 2067 1178 2130 et
1200 2066 1307 2129 auctor
1330 2061 1473 2129 omnium

301 2182 425 2269 primus
447 2185 481 2248 et
500 2181 669 2268 precipuus
691 2201 772 2267 pene
795 2180 834 2249 ab
857 2180 1000 2247 omuibus
1024 2184 1143 2247 semoto
1159 2177 1267 2266 procul
1282 2179 1368 2248 omni
1383 2199 1473 2246 soru-

302 2297 378 2386 pulo
400 2297 607 2364 assumatur.
642 2297 761 2365 Taliter
782 2297 879 2382 igitur
902 2296 998 2365 abbas
1014 2299 1195 2379 conventus,
1217 2294 1292 2361 licet
1306 2296 1472 2380 egerrime,

303 2418 482 2482 assentetur
503 2418 610 2481 umen
625 2415 690 2480 acsi
703 2414 890 2498 voluntarie,
915 2419 946 2480 et
959 2412 1019 2480 hoo
1032 2412 1185 2480 instinctu
1199 2431 1327 2478 suorum
1342 2415 1375 2478 et
1387 2411 1474 2480 bona

304 2531 437 2618 denique
458 2551 523 2619 spe.

391 2646 580 2715 Huiusmodi
602 2652 707 2715 autem
729 2647 888 2713 actionum
910 2644 1049 2712 fidelium
1072 2649 1105 2712 et
1126 2643 1325 2712 devotionum
1347 2643 1474 2713 monus
1508 2707 1512 2714 .

303 2765 388 2832 cirea
413 2785 521 2849 regem
548 2764 692 2850 regisque
719 2763 895 2831 dilectionis
924 2760 1227 2848 superabundantist
1252 2761 1292 2828 ad
1314 2761 1472 2848 abbatem,

304 2887 341 2948 ut
361 2882 554 2950 nostracium
575 2880 689 2947 animis
711 2879 850 2968 irrepsit,
872 2878 1004 2946 fiduciae
1027 2898 1103 2945 suae
1118 2882 1316 2946 aucmentum
1331 2879 1473 2946 maximo

305 2997 429 3065 cumulo
455 2997 527 3064 fuit
570 2995 815 3082 Suggerentibus
836 2995 933 3080 igitur
955 2998 987 3062 et
1008 2994 1256 3062 consultantibus
1278 2993 1341 3062 illis
1365 2995 1474 3065 abbati

306 3111 531 3182 antecessoris‘
558 3114 608 3179 sui
640 3133 712 3179 cum
744 3133 819 3198 rege
850 3112 992 3197 negotia·
1021 3113 1060 3179 de
1088 3111 1293 3179 concedendis
1321 3111 1473 3181 ecelesiae

307 3234 433 3298 noemae
465 3229 652 3315 quibusdam
684 3227 985 3296 sanctimonialium'
1011 3228 1165 3314 cenobiis,
1199 3227 1273 3296 licet
1299 3227 1406 3316 tepide
1436 3249 1474 3298 ac

380 3431 400 3464 a.
415 3415 555 3464 iniunctouis
571 3435 590 3463 c.
650 3415 674 3462 b.
690 3415 820 3464 consistorii
836 3433 855 3462 c.
916 3429 936 3462 c.
957 3415 1165 3477 superabundantis
1180 3417 1263 3476 scripsi
1274 3431 1316 3477 pse
1332 3416 1472 3476 supersten-

308 3497 400 3545 dsntem
415 3497 467 3544 eod.
529 3496 552 3543 d
567 3496 691 3543 untsssorls
707 3514 727 3543 e.
789 3511 809 3543 e.
824 3496 922 3555 negotiis
938 3515 956 3542 ι.
1019 3495 1036 3542 f.
1052 3495 1247 3542 sanctimonalium
1262 3513 1281 3542 s.

380 3603 406 3657 1.
423 3599 516 3657 Facile
534 3599 648 3671 cognitu
665 3605 723 3669 est,
740 3598 872 3657 hocloco
890 3600 937 3671 agi
954 3600 989 3657 de
1007 3615 1089 3656 erues
1106 3605 1202 3656 eontra
1220 3599 1317 3657 slavos
1334 3606 1471 3672 suscepta

308 3705 390 3762 quam
408 3690 478 3746 dicit
495 3689 614 3760 scriptor
629 3705 648 3745 s
663 3689 723 3744 viro
740 3688 860 3759 quodam
879 3691 971 3760 (quem
989 3689 1100 3760 quidem
1113 3693 1182 3760 puto
1194 3689 1355 3744 Anselmum
1368 3689 1471 3760 spisco

307 3795 374 3850 pum
385 3779 636 3850 Havelbergcnscm
654 3776 750 3848 tuisse,
768 3778 825 3833 vid.
837 3796 864 3834 u.
877 3779 905 3844 3)
918 3779 978 3848 pari
992 3777 1073 3835 modo
1085 3780 1155 3835 vesti
1169 3777 1280 3834 affixam
1292 3793 1360 3848 esse,
1378 3779 1472 3850 „siem

308 3876 352 3928 est
372 3869 457 3927 moris
479 3868 684 3938 modernorum,
707 3867 773 3923 dum
795 3882 826 3924 se
848 3866 993 3924 notificant
1013 3867 1132 3924 invisere
1155 3873 1281 3924 sanctum
1299 3867 1411 3923 Domini
1431 3883 1470 3925 se

307 3960 433 4030 pulcrum
439 3959 461 4014 ¹⁴.
519 3960 545 4013 2.
556 3957 664 4029 Legati.
721 3957 748 4012 3.
760 3957 789 4012 ls
800 3956 909 4013 videtur
920 3957 1068 4014 Anselmus
1079 3973 1124 4026 cp.
1133 3956 1364 4028 Havelbergensis
1377 3955 1470 4028 fuisse,

308 4065 390 4120 quem
407 4048 511 4106 seimus
527 4051 557 4103 et
572 4046 618 4103 die
635 4047 671 4102 30
688 4045 807 4103 huuarii
826 4047 895 4102 114⁷
912 4047 1017 4104 Fuldse
1034 4045 1120 4102 tuisse
1143 4051 1173 4102 et
1194 4062 1250 4102 uua
1267 4062 1329 4102 cum
1341 4045 1470 4104 wibaldo

308 4137 345 4194 sd
361 4137 515 4208 Eugenium
533 4136 574 4192 lll
597 4151 696 4206 papam
719 4135 878 4192 accursdo
902 4152 967 4208 rege
991 4150 1085 4192 mense
1102 4135 1201 4192 Martio
1218 4135 1341 4192 eiusdem
1358 4137 1425 4192 anni
1442 4137 1470 4192 in

309 4225 425 4282 Galliam
444 4226 557 4282 missum
574 4241 635 4284 esse
652 4231 682 4282 et
699 4241 792 4281 meuse
810 4225 889 4282 Iunio
907 4231 1011 4296 puram
1029 4225 1096 4281 belli
1113 4225 1246 4281 adversus
1263 4224 1360 4282 savos
1377 4241 1469 4296 capes-

309 4314 416 4371 sivisse.
444 4313 479 4370 V.
497 4313 596 4371 libmm
615 4331 714 4384 meum,
733 4315 781 4386 qui
799 4312 957 4372 msesibitur
973 4312 1156 4387 „Geschichte
1173 4314 1223 4372 des
1240 4314 1392 4372 nanneten
1409 4315 1469 4374 Rei·

310 4401 376 4460 clses
392 4408 473 4460 untes
489 4404 599 4462 conrad
615 4405 674 4461 lll“
690 4421 720 4476 p.
731 4404 794 4460 279.
