3117 4859
410 301 562 350 emaum
581 299 771 351 ermom
790 299 844 348 aaa
862 299 917 348 aas
1181 283 1250 352 623

167 445 340 514 Trmsaata
362 445 447 534 apud
460 443 588 512 Ulmum
607 445 706 530 auria,
729 443 863 512 domnus
875 463 934 512 rex
949 441 1077 532 spiram
1088 445 1247 533 procedet
1266 449 1338 572 tllts

70 563 123 632 Iti
145 563 269 651 neptim
291 559 406 647 mam¹,
435 581 551 645 aroge
573 554 806 648 Hispanorum'
827 559 1051 648 desponsatam
1073 566 1106 628 et
1126 524 1322 646 magni-M

69 679 133 749 fiee
156 679 338 794 demtum,
327 699 364 746 ιιι
385 698 501 763 magno
522 676 676 745 comitatu
698 677 899 745 defmendam
918 678 1034 746 tradet

73 917 166 994 392.
187 921 341 989 Martiales
359 918 601 986 Oetes-mermes
620 917 798 986 Widoldsm
817 931 939 1006 repant,
962 943 1003 985 aa
1024 920 1169 986 dammas
1189 921 1250 988 etot

186 1059 344 1103 messena
366 1035 488 1124 ausari
505 1037 657 1122 partam
1085 1031 1140 1118 (Μ.
1157 1034 1248 1117 363.)

163 1167 252 1237 Patri
276 1169 391 1236 eximio
416 1187 452 1235 ac
474 1167 542 1235 Deo
566 1165 751 1252 dignissimo
774 1167 957 1235 corbeiensi
986 1167 1092 1235 abbati
1119 1167 1247 1237 domino
1265 1177 1337 1236 uta

67 1284 246 1371 Wfibaldo)
276 1283 428 1374 speciales
456 1285 523 1352 eius
551 1281 635 1352 filiae
662 1284 697 1350 in
723 1282 810 1370 loco,
839 1285 894 1371 qui
921 1283 1037 1351 dieitur
1058 1283 1247 1373 ostermere,

70 1403 306 1492 alippitudine
319 1401 398 1469 Liae
419 1401 459 1468 ad
475 1399 708 1489 speciositatem
722 1399 868 1467 Rachelis
890 1399 1077 1489 prolitiendo
1099 1403 1245 1470 transire.

163 1520 288 1600 Quanta
317 1517 520 1586 sublimitatis
547 1521 672 1585 vestrae
705 1517 945 1605 amplitudinem
977 1519 1085 1586 deceat
1116 1518 1247 1587 laudum

68 1635 335 1724 magnificentia·,
364 1635 392 1702 si
412 1634 529 1702 litteris
552 1635 713 1719 assignare
736 1653 901 1719 conemur,
929 1655 988 1723 pro
1014 1636 1115 1702 nostri
1136 1655 1247 1706 sensus

67 1754 232 1843 parvitate
249 1749 421 1819 deficimus.
457 1751 563 1819 Vestri
577 1756 684 1818 tamen
698 1749 895 1836 memoriam,
917 1751 1008 1819 nobis
1023 1751 1248 1839 dulcissimam,

70 1891 171 1958 super
194 1868 294 1936 altare
315 1868 438 1936 incensi
461 1869 637 1935 orationum
660 1873 841 1934 nostrarum
863 1867 979 1953 iugiter
996 1868 1080 1954 ignis
1096 1868 1247 1938 adolebit:

70 1991 107 2055 et
134 1991 172 2053 nt
199 1992 351 2074 paternae
380 1985 556 2070 dignationi
585 1990 725 2069 nestrae,
759 2004 854 2071 quam
888 1984 980 2052 nobis
1006 1983 1081 2052 dcet
1108 1985 1248 2071 indignis

68 2103 226 2170 hactenus
248 2101 283 2167 in
306 2101 451 2169 omnibus
474 2103 612 2186 negociis
639 2101 757 2170 nostris
784 2103 837 2189 pie
866 2101 1068 2188 exhibuistis,
1097 2103 1248 2191 superha-

69 2217 219 2287 bundans
241 2224 459 2286 remunerator
482 2225 626 2286 occurrat
654 2223 686 2286 et
708 2218 887 2286 serenitatis
908 2223 1032 2286 vestrae
1055 2217 1248 2286 audientiam

68 2355 251 2425 pauperum
280 2354 409 2402 suorum
438 2333 573 2422 querelis
597 2333 740 2402 Christus
769 2333 940 2419 indulgeat.
975 2332 1128 2420 Proinde,
1156 2340 1249 2422 pater

69 2453 283 2538 sanctissime,
307 2451 347 2518 ad
364 2471 421 2518 ros
437 2455 601 2537 tamquam
623 2451 663 2518 ad
685 2451 806 2517 fontem
827 2449 1063 2518 misericordiae
1085 2450 1250 2519 sitienterb

69 2572 244 2638 exestuans
266 2573 377 2635 nostra
398 2567 501 2634 tendit
527 2567 643 2651 oratio,
672 2571 709 2633 ut
730 2585 842 2633 causas
864 2565 986 2651 negocii
1008 2567 1125 2652 nostri,
1152 2571 1249 2656 prout

70 2683 214 2776 Spiritus
237 2690 364 2753 sanctus
391 2681 512 2772 pectori
540 2687 644 2749 vestro
673 2681 854 2768 densent,
882 2681 1024 2769 plenarie
1052 2683 1248 2751 discutiendo

68 2803 262 2871 terminetis.
353 2801 471 2869 Notum
494 2819 568 2885 ergo
589 2798 722 2865 facimus
746 2797 906 2865 nobilitati
922 2804 1057 2885 vestrae,
1079 2799 1177 2867 immo
1198 2799 1247 2868 la-

68 2917 281 2988 crimabiliter
297 2917 516 3006 conquerimm
530 2913 699 2984 mellifluae
713 2915 898 3004 paternitati
912 2920 1046 3001 vescae,
1065 2917 1140 3003 quia
1152 2917 1248 2984 mini·

69 3035 218 3104 steriales
246 3036 345 3103 vestri
372 3033 575 3102 vehementer
608 3053 665 3101 nos
699 3030 851 3098 infestant
882 3052 942 3120 pro
970 3031 1107 3120 decima,
1142 3054 1247 3122 quam,
1296 3126 1300 3132 1

70 3152 183 3220 divina
204 3152 295 3219 nobis
319 3156 475 3218 annuente
490 3149 666 3234 clementia,
689 3154 797 3216 vestra
810 3151 965 3217 concessit
978 3150 1188 3239 providentia,
1211 3171 1249 3220 ac

69 3269 246 3354 intringere
271 3274 303 3336 et
325 3267 527 3352 adnichilare,
551 3288 631 3353 quae
645 3272 752 3334 vestra
768 3265 953 3334 auctoritate
976 3271 1008 3334 et
1029 3267 1160 3336 consilio
1184 3274 1248 3337 sta·

68 3385 166 3454 bilita
189 3390 272 3471 suut,
295 3384 405 3452 volunt
427 3389 460 3452 et
481 3382 670 3451 omnimodis
694 3383 817 3450 auferre
839 3389 1002 3470 conantur,
1023 3385 1088 3452 nisi
1109 3385 1249 3453 trestra

70 3502 228 3588 dignitate
257 3505 521 3569 commoneantur.
568 3497 659 3567 Hane
685 3499 800 3585 igitur,
830 3499 956 3567 domine
982 3502 1247 3589 reverentissime,

70 3626 142 3687 tam
163 3617 332 3686 ineffabilis
356 3617 473 3685 doloris
501 3615 650 3684 iniuriam
673 3621 858 3701 vestraeque
880 3637 1048 3705 personae,
1078 3619 1153 3704 quia
1177 3618 1247 3705 ipse

70 3738 108 3804 in
132 3754 227 3802 causa
248 3735 364 3819 fuistis,
387 3732 609 3802 contumeliam
624 3753 681 3820 per
700 3750 758 3798 nos
774 3730 910 3818 effugere
924 3753 988 3801 non
1009 3733 1161 3819 valemus,
1184 3733 1247 3801 uisi

69 3857 183 3920 vestra
204 3851 421 3939 compassione
444 3849 544 3917 fretae
565 3849 728 3915 fuerimus.
774 3847 988 3937 Quapropter,
1011 3849 1142 3936 opium
1165 3848 1247 3916 sola·

70 3989 149 4038 men
170 3969 370 4036 miseriarum
391 3971 582 4050 nostrarum,
605 3965 625 4032 ό
647 3983 720 4052 spes
742 3970 853 4033 nostra
873 3970 948 4053 post
967 3965 1149 4051 Dominum,
1172 3963 1248 4034 licet

71 4106 207 4175 corpore
230 4085 385 4171 absentes,
409 4083 523 4172 spiritu
544 4087 651 4149 tamen
672 4086 846 4169 presentes,
869 4086 936 4149 toto
954 4081 1057 4149 cordis
1072 4101 1110 4149 ac
1130 4083 1247 4151 mentis

148 4259 169 4293 ι
190 4245 357 4306 magnificandi
373 4263 393 4291 c.
457 4243 480 4290 b.
496 4244 594 4290 sdenter
610 4243 662 4289 cod.

146 4333 172 4387 1.
196 4331 357 4400 Riehildim,
379 4329 465 4385 filiam
482 4329 626 4386 wladislai
648 4327 676 4384 11
699 4325 778 4384 ducis
801 4325 934 4384 Potoniae
954 4330 983 4382 et
1004 4325 1123 4399 Agnetis
1144 4329 1248 4388 sororis

70 4419 517 4497 gemmsecomadlsslragls.
587 4415 1046 4490 solemniacensem.
