3117 4859
315 268 380 336 114
660 284 810 335 wmsnm
829 282 1017 335 nemnem
1036 282 1128 333 aee.
1173 220 1179 229 Ι

316 425 377 497 35.
407 428 565 496 Wibabdae
587 429 818 497 Gorbeteaa'bae
842 429 987 511 mandat,
1014 430 1150 495 salbam
1171 439 1201 494 et
1216 449 1326 515 papae
1347 436 1377 491 et
1399 424 1476 492 Get

409 546 484 611 deal
497 546 690 629 cancellato,
707 545 860 635 walando
874 546 978 633 ipsam
990 547 1130 612 abbatem
1144 544 1296 631 eleqers'at
1341 539 1397 623 (bl
1413 540 1477 621 14.)

223 681 293 738 1147
399 676 511 746 Frater
531 677 694 746 Wiboldne
715 677 776 745 Dei
802 678 905 763 gnatia
925 676 1122 745 corbeiensis
1144 675 1313 744 aeoelesiae
1340 673 1477 741 famnlm

230 756 287 816 ³⁹¹·
311 790 474 878 omaro)
501 794 674 863 veneratos
700 796 800 883 priori
828 799 861 862 a
886 793 1082 877 elesiario)
1109 794 1269 881 preposito
1299 811 1337 858 ae
1365 791 1478 859 aaa

310 909 487 979 lenissimis
508 909 582 979 filiis
605 916 638 979 et
657 912 808 979 fratibus
831 910 973 978 eiusdem
994 910 1178 978 monasterii
1199 908 1361 977 monachis
1383 907 1479 976 bene

311 1026 482 1097 diationem
504 1034 536 1096 et
557 1028 657 1095 vitam
678 1028 833 1115 usquein
855 1026 995 1095 seoulnm
1017 1026 1123 1094 seenl'n

399 1144 567 1212 Venientes
589 1145 630 1212 ad
652 1145 813 1212 dominnm
831 1151 977 1212 nostrum
989 1164 1107 1232 papam
1116 1139 1135 1229 ¹,
1156 1141 1290 1227 benigne
1305 1145 1339 1208 et
1352 1140 1481 1207 honori·

310 1258 368 1329 fiee
390 1261 528 1348 suseepti
550 1282 656 1329 sumus
678 1266 747 1329 tum
765 1266 898 1349 propter
915 1261 1125 1329 reverentiam
1144 1257 1265 1327 domini
1277 1257 1382 1324 nostri
1396 1256 1482 1339 regis

309 1355 378 1446 tum
400 1382 530 1466 propter
552 1379 698 1464 antiquae
719 1378 856 1445 noticiae
877 1378 1135 1462 familiaritatem,
1162 1396 1225 1463 qna
1244 1394 1303 1442 nos
1325 1374 1480 1440 haetenus

309 1494 415 1562 fovere
437 1495 583 1580 dignatus
606 1500 663 1563 est
698 1493 839 1582 (lamque
860 1495 895 1562 in
916 1494 1031 1563 litteris
1054 1490 1289 1560 domininostri
1302 1491 1401 1575 regis,
1425 1489 1481 1556 nbi

308 1612 437 1679 nomina
456 1606 649 1697 legatorum'
662 1611 816 1700 insoniptn
835 1617 935 1697 erant,
957 1618 1102 1679 nostrum
1115 1630 1230 1678 nomen
1243 1608 1279 1676 in
1292 1606 1388 1675 titulo
1403 1606 1483 1673 Gor·

307 1727 443 1796 belensis
472 1728 639 1797 aeeclesiae
665 1726 809 1814 legisset,
838 1728 974 1815 quesivit
1001 1726 1152 1812 anobis,
1179 1732 1217 1793 ut
1244 1745 1341 1812 snper
1369 1727 1484 1791 nostre

308 1844 393 1932 apud
414 1864 469 1913 vos
492 1844 643 1913 electione
665 1850 806 1913 vestrum
828 1846 858 1912 ei
872 1846 1087 1913 testimoninm
1101 1847 1366 1933 presentaremne.
1403 1838 1483 1907 Uni-

307 1961 489 2030 versitstem
512 1982 586 2047 ergo
608 1966 748 2030 vestram
769 1982 944 2048 monemus,
966 1967 1012 2047 nt,
1035 1961 1117 2029 sient
1138 1964 1245 2028 vestra
1266 1959 1380 2026 eleetio
1397 1958 1485 2025 oinos

223 2132 227 2139 .
308 2082 449 2145 nostram
475 2098 644 2166 personam
671 2079 839 2165 prooessit,
870 2079 984 2146 domno
1006 2098 1110 2165 popae
1130 2076 1286 2144 saronites
1306 2074 1483 2156 intimetis3

309 2199 341 2263 et
368 2198 500 2281 quantos
523 2194 562 2261 de
583 2194 734 2261 frontone
755 2195 914 2281 prioribus
936 2196 1054 2262 nostris
1076 2195 1110 2261 in
1131 2194 1192 2260 hae
1214 2192 1411 2272 subitatione
1434 2210 1484 2257 re·

308 2330 380 2377 rum
406 2319 593 2399 preparare·
615 2314 647 2377 et
675 2310 824 2398 expedire
851 2311 1011 2398 poteritis,
1041 2310 1083 2377 sd
1109 2330 1167 2377 nos
1189 2307 1422 2377 Wireenbnroh
1450 2285 1501 2373 in'

309 2428 427 2495 oetavis
450 2426 597 2493 instantis
619 2420 774 2514 pnsohse⁸
791 2428 957 2514 pervenire
979 2428 1110 2495 lseietie.
1145 2426 1194 2494 Ibi
1215 2426 1300 2493 enim
1321 2429 1403 2490 tune
1424 2437 1484 2489 nos

307 2543 474 2611 invenietis
497 2549 530 2612 et
552 2541 773 2610 oeneellerinm
795 2542 902 2610 domni
922 2563 1035 2632 papae,
1061 2544 1166 2610 virum
1187 2540 1404 2610 venerabilem
1427 2560 1485 2607 no·

308 2660 394 2728 mine
407 2658 601 2745 (laibonem,
625 2659 675 2726 eni
698 2659 794 2727 etiam
815 2658 927 2747 snperb
941 2661 1024 2728 laeto
1040 2666 1144 2728 vestro
1166 2659 1205 2727 de
1225 2658 1317 2726 nobis
1330 2657 1485 2745 proptiae

309 2781 342 2845 et
369 2775 561 2861 singulares⁸
583 2775 707 2843 litteras
735 2777 966 2844 transmittetis.
1004 2775 1130 2860 Valete,
1159 2781 1192 2843 et
1212 2774 1300 2842 Dens
1324 2776 1419 2861 paeis
1441 2774 1487 2841 sit

309 2912 434 2979 semper
463 2913 534 2960 oum
563 2894 708 2961 omnibns
732 2893 832 2960 vobin.
923 2892 958 2959 Si
979 2892 1038 2959 heo
1059 2897 1226 2980 expontata
1246 2911 1312 2959 non
1332 2891 1485 2977 messus,

308 3008 476 3096 privilegio
496 3013 607 3076 nostra
628 3010 667 3077 de
689 3008 865 3077 Kaminade
886 3015 919 3076 et
932 3007 1063 3076 Visbike
1084 3008 1270 3076 confirmata
1292 3012 1412 3077 essent

311 3218 373 3293 36.
400 3224 592 3290 Corbeleasee
614 3220 794 3311 Baeculam
815 3223 872 3289 ΠΙ
886 3246 1009 3311 papam
1031 3234 1219 3311 prmasttar,
1247 3234 1284 3288 at
1302 3222 1486 3289 staldam

399 3340 539 3406 abbatem
569 3342 720 3427 approbet
748 3350 777 3405 et
804 3342 989 3405 monaste-io
1019 3340 1132 3407 collata
1159 3342 1308 3407 eoeaobia
1335 3339 1401 3404 deo
1432 3362 1485 3405 ae·

399 3465 489 3521 serat.
1338 3451 1395 3537 (Μ
1416 3454 1485 3537 15.)

225 3601 293 3657 1147
398 3585 679 3654 Reverentissimo‘¹
700 3586 735 3653 in
757 3584 881 3653 Christo
908 3588 993 3674 patsi
1019 3606 1076 3655 sno
1104 3592 1138 3655 et
1159 3586 1286 3655 domino
1308 3586 1485 3673 nagan)

231 3676 286 3736 ⁸9¹·
311 3701 418 3769 divina
439 3703 541 3788 gratia
562 3722 685 3770 summo
708 3708 740 3770 et
762 3703 933 3771 universali
958 3701 1100 3791 pontifici
1119 3701 1405 3787 Wlalternsllieet
1433 3706 1485 3773 in·

312 3818 424 3905 dignus
439 3818 637 3888 Corbeieneis
660 3818 809 3887 eoelesiae
830 3820 918 3907 prior
940 3825 973 3887 et
994 3820 1091 3888 aeteri
1111 3820 1227 3888 notros
1249 3820 1403 3908 universi,
1427 3820 1486 3910 qni

382 3962 566 4022 aspostaret.
626 3961 649 4008 b.
670 3961 846 4022 superaddidi
906 3974 926 4009 a
946 3960 1093 4020 singhrese.
1154 3962 1178 4009 d.
1199 3966 1264 4010 llaec
1283 3966 1485 4030 matalahgieoe

312 4042 334 4089 1.
349 4044 372 4089 a
386 4042 495 4088 Wibaldi
508 4043 653 4102 masolam
669 4042 747 4089 codice
760 4042 806 4099 fal.
816 4040 877 4098 e.4;
892 4042 914 4089 2
930 4044 954 4088 ia
968 4043 1048 4089 andiu
1066 4044 1183 4089 mlh
1199 4044 1364 4093 Cartheia
1380 4043 1421 4103 (da
1436 4060 1484 4109 μ

310 4138 333 4169 v.
347 4137 417 4181 snpra
430 4138 455 4181 p·
465 4120 504 4179 28)
518 4123 561 4177 fol·
574 4121 596 4167 8.

383 4216 408 4270 1.
430 4214 475 4271 die
493 4216 529 4271 30
552 4232 589 4271 nn.
606 4214 710 4283 Martii,
728 4231 754 4269 v.
773 4212 846 4270 infra
867 4230 911 4285 ep.
925 4216 986 4271 150.
1056 4218 1083 4273 2.
1105 4232 1133 4272 v.
1151 4233 1236 4287 snpra
1258 4234 1303 4288 ep.
1318 4219 1354 4274 33
1376 4236 1404 4290 p.
1418 4220 1484 4277 112.

312 4302 338 4358 3.
357 4300 478 4372 Αρτ.21.
496 4304 603 4373 (ltaque
621 4307 664 4358 est
680 4300 749 4358 haee
766 4302 883 4372 epistola
899 4304 1002 4372 scripta
1013 4309 1077 4373 post
1094 4304 1168 4361 diem
1186 4307 1223 4363 80
1239 4306 1339 4377 Martii,
1355 4322 1386 4363 v.
1398 4324 1485 4377 snpra

313 4406 341 4447 n.
353 4391 378 4461 1,
395 4394 425 4448 et
441 4396 505 4449 ante
521 4391 548 4447 d,
561 4392 597 4447 20
607 4390 676 4461 apr.
689 4420 723 4431 —
735 4390 765 4447 in
776 4406 858 4463 quem
870 4392 981 4463 quinem
991 4391 1066 4449 diem
1076 4408 1150 4451 anno
1163 4394 1232 4451 114⁷
1244 4394 1349 4465 pesth·
1358 4396 1483 4466 nant)
