3117 4859
329 286 395 354 454
666 300 1024 352 wmsrmrnrsaaousn
1045 303 1099 350 aas.
1115 301 1168 350 aas.

242 451 309 574 ἐμὲ
331 451 361 514 et
387 445 567 532 principum
597 449 631 512 et
651 445 794 512 virorum
821 445 1025 532 prudentium
1052 462 1090 511 ao
1116 444 1336 530 religiosorum
1361 445 1494 530 consido,

329 561 606 646 consideravimus,
630 559 780 628 electores
803 561 938 647 predicti
957 560 1169 644 Hterimanui)
1191 562 1347 650 prepositi
1369 563 1495 630 amieis

329 698 398 746 asse
420 677 545 746 consilii
571 678 610 744 de
632 687 769 762 persona
796 677 816 744 t
843 677 1001 745 canonicis
1027 678 1278 747 institutionibus
1300 698 1366 746 nou
1387 679 1497 746 discre-

328 798 440 883 panta
470 794 584 883 quibua
611 813 652 860 ex
680 813 796 877 magno
824 794 931 862 lavore
957 793 1170 862 assentiebant
1191 815 1302 862 omnes
1324 795 1444 863 nobiles
1463 816 1497 862 ae

328 915 530 1000 prepotentes
560 909 701 978 eiusdem
727 915 847 994 terrae,
876 910 932 998 qui
960 910 1193 978 Traiecteusem
1219 911 1387 979 ecclesiam
1413 917 1446 978 et
1466 913 1498 978 iu

328 1047 406 1115 pace
429 1026 551 1112 legibus
572 1026 741 1094 honestant
764 1026 853 1093 etin
873 1024 956 1093 bello
978 1027 1076 1092 armis
1101 1027 1274 1095 defensant
1305 1028 1416 1113 Itaque
1429 1030 1497 1114 quia

328 1143 364 1210 in
390 1147 501 1210 nostra
528 1143 689 1232 presentie
713 1142 803 1211 nulla
823 1142 1030 1210 contradictio
1052 1143 1143 1210 iuxta
1163 1144 1242 1210 iuris
1265 1144 1411 1211 ordinem
1431 1145 1498 1212 buia

330 1257 475 1328 electioni
490 1265 712 1348 opponeretur,
735 1278 808 1326 cum
823 1259 926 1350 omnis
941 1259 1094 1326 aecclesia
1106 1260 1142 1326 in
1155 1265 1298 1328 nostram
1312 1261 1498 1348 presertim

330 1381 414 1444 esset
436 1381 575 1462 esocem
597 1375 772 1443 iudicatum
794 1380 844 1441 est
864 1375 904 1442 ab
927 1376 1084 1463 episeopis
1099 1380 1132 1443 et
1148 1376 1361 1463 principibus:
1384 1377 1497 1445 nudam

329 1511 387 1559 nos
410 1491 524 1560 debere
540 1511 664 1559 moram
677 1491 893 1579 probabilibus
910 1491 1075 1560 desideriis
1088 1493 1238 1578 inserere,
1262 1500 1312 1560 set
1325 1514 1496 1580 personam

330 1608 448 1696 absque
471 1608 503 1675 vi
531 1613 564 1677 et
587 1607 654 1676 ulla
674 1607 760 1675 mala
780 1607 1013 1676 machinatione
1034 1608 1166 1676 electam
1189 1614 1223 1676 et
1242 1609 1278 1676 in
1299 1612 1400 1677 sacris
1421 1611 1497 1677 ordi·

329 1724 423 1792 nibus
446 1729 550 1792 aetate
567 1745 706 1812 congrua
719 1725 891 1809 inventam,
913 1725 1095 1813 provehere.
1129 1725 1265 1793 Proinde
1285 1727 1497 1794 celsitudinem

331 1841 499 1909 sacerdotii
525 1842 638 1927 vestri,
666 1861 763 1929 quam
785 1861 863 1909 uera
887 1843 922 1908 in
949 1841 1086 1910 Domino
1114 1843 1246 1910 caritate
1274 1843 1497 1931 amplectimur,

331 1962 451 2026 attente
471 1959 628 2027 monendo
650 1979 814 2044 regamus,
842 1964 880 2026 ut
901 1977 980 2046 opus
1003 1958 1024 2026 d
1044 1958 1135 2026 nobis
1156 1959 1358 2028 laudabiliter
1378 1961 1499 2029 mobea-

330 2079 399 2143 tum
427 2075 644 2143 benedictione
672 2095 780 2142 sacrae
807 2094 920 2142 manus
943 2081 1067 2142 vestrae
1091 2073 1243 2163 perficere
1265 2081 1299 2143 et
1319 2076 1500 2145 confirmare

330 2211 395 2258 uon
416 2191 572 2276 abnuatis,
596 2196 627 2258 et
642 2189 777 2259 labentis
796 2190 945 2258 ecclesiae
961 2192 1169 2260 Traiectensis
1192 2192 1318 2259 ruinam
1340 2194 1438 2261 celeri
1452 2195 1501 2262 be·

330 2308 508 2376 nediotione
535 2307 683 2376 fulciatis.
773 2307 932 2392 Regem
959 2313 1105 2396 preterea
1131 2310 1348 2377 sinceritatem
1367 2319 1502 2380 vestran

331 2445 390 2513 pro
413 2426 551 2511 quodam
567 2424 799 2508 consanguineo
814 2429 933 2509 nosne,
956 2425 1070 2493 comite
1083 2426 1231 2494 videlicet
1244 2426 1361 2495 Ottone
1376 2428 1418 2495 de
1430 2429 1502 2512 Ara,

332 2561 427 2629 quem
449 2541 577 2627 quidam
600 2541 732 2608 clericus
755 2542 882 2608 nomine
896 2540 1044 2610 Ionathas
1065 2563 1124 2630 per
1137 2545 1369 2630 surreptionem
1385 2545 1504 2613 trebia

332 2658 598 2726 excommunicari
619 2658 704 2741 iecit,
728 2658 876 2743 quatinus
899 2677 971 2725 eum
991 2657 1192 2727 tLeodieusi
1205 2656 1372 2748 episcopo¹
1388 2661 1504 2729 absolsi

196 2769 204 2784 '
331 2775 466 2858 iacietis,
490 2794 526 2842 so
550 2773 671 2842 scilicet
686 2773 820 2840 rationis
834 2775 1058 2859 moderamine,
1080 2780 1126 2861 nt,
1148 2782 1318 2864 postquam
1339 2779 1440 2845 inerit
1454 2779 1504 2845 ab

333 2891 464 2976 solutus,
488 2890 681 2978 synodaliter
696 2894 834 2993 vocetup,
852 2895 884 2957 st
898 2909 1003 2976 causa,
1018 2912 1099 2977 quae
1113 2913 1210 2979 snper
1223 2894 1362 2980 quadam
1376 2895 1504 2962 eeclesia

333 3008 416 3076 inter
438 3027 492 3076 eos
516 3007 629 3092 agitur,
652 3007 803 3074 canonico
825 3007 941 3074 iudicio
963 3006 1134 3076 decidatur.

336 3254 424 3327 325.
444 3256 604 3325 Emouucl
625 3255 819 3323 Graecomm
844 3259 1016 3344 inperator
1035 3257 1210 3325 staldom
1239 3261 1278 3325 de
1302 3283 1360 3326 sce
1382 3265 1418 3327 s'ss
1440 3285 1503 3327 eom

445 3374 653 3440 benevolentia
673 3375 832 3440 certiorem
847 3372 940 3459 facit.
970 3372 1132 3456 Hortatur,
1155 3387 1190 3440 er
1204 3377 1349 3442 &orode
1363 3381 1433 3464 κρῖ
1444 3400 1503 3442 ser·

445 3492 512 3555 cire
533 3500 714 3576 perseueret.
749 3489 887 3556 Littera
905 3493 1013 3577 poscit.
1047 3491 1175 3556 Dorsum
1196 3490 1503 3573 missamissa)

247 3645 314 3699 1151
423 3621 637 3709 Imperiale
676 3621 721 3688 ad
757 3622 1099 3709 preciosissimum
1138 3623 1235 3691 aban
1274 3625 1503 3694 monasterii

245 3718 311 3765 ΜΨ
335 3737 498 3808 Stabuli.

423 3853 448 3932 i·
469 3853 704 3922 Preciosissime
728 3854 789 3921 aba
809 3855 994 3922 monasterii
1009 3853 1128 3922 Stavld.
1204 3855 1378 3944 imperium
1392 3879 1502 3940 meum,

335 3995 408 4041 cum
436 3971 598 4039 didicisset
625 3992 644 4037 a
671 3969 780 4037 multis
801 3971 837 4038 in
859 3976 891 4039 te
912 3969 1076 4038 florentem
1097 3972 1262 4058 virtutem,
1291 3975 1503 4060 quomodoque

333 4091 369 4157 in
396 4089 547 4156 bonorem
574 4092 675 4154 certas
697 4087 945 4175 prenobilissimi
966 4089 1050 4173 regis
1072 4087 1170 4155 Rome
1193 4089 1502 4177 predileetissimiqus

335 4206 443 4272 iratris
477 4210 510 4272 et
537 4207 661 4288 cognati
689 4205 817 4294 imperii
844 4207 908 4273 mei
935 4211 968 4272 et
994 4206 1028 4271 in
1056 4206 1226 4273 utilitatem
1255 4207 1499 4289 christianorum,

336 4342 484 4406 magnam
506 4321 704 4390 devotionem
727 4329 759 4390 ct
782 4319 979 4390 affectionem
1002 4344 1077 4408 erga
1098 4328 1187 4391 tuam
1202 4324 1436 4413 preciositatem
1450 4323 1500 4390 ob

410 4452 434 4504 1.
452 4449 583 4506 Heinrico
600 4451 636 4508 11.
