3117 4859
389 305 538 354 wmsnm
558 305 746 356 urrerem
771 305 912 357 sss-ssu.
1167 289 1235 357 673

65 448 190 512 vestrae
218 443 409 514 defenmnn
437 447 590 516 auxilinm
618 448 757 516 debeatis
784 447 967 535 impendere
994 451 1027 514 et
1054 467 1093 515 ea
1118 448 1155 514 in
1175 469 1234 516 sna
1260 452 1332 510 11⁶5

63 559 193 627 iusticia
217 561 319 628 modis
350 563 494 632 omnihus
521 564 696 632 ooufovere.
741 564 818 630 Inde
846 569 909 648 est,
937 563 1021 648 quod
1046 563 1234 650 prudentiae
1250 527 1344 576 Μ

64 680 190 743 vestrae
210 697 269 764 per
291 679 463 766 apostoliea
484 681 604 767 scriptu
617 681 815 764 mandamus,
837 684 874 747 nt
893 681 1119 746 monasterinm
1133 681 1235 747 musti

63 790 262 880 Antinui'pro
277 794 362 862 beati
377 794 463 864 Petri
484 817 520 864 ae
535 802 644 865 uostm
657 796 835 865 reverentia
856 796 890 862 iu
911 797 1038 864 iustioia
1059 817 1117 864 sua
1138 817 1235 864 manu

63 912 174 977 tenere
196 911 322 996 oureus,
344 917 377 980 et
398 913 570 981 seeundum
592 915 676 1002 qnod
696 916 729 982 in
750 913 925 1002 privilegiis
939 912 1152 981 &manorum
1172 911 1234 980 im·

62 1030 246 1110 peratorum
275 1027 377 1095 eidem
404 1032 594 1098 munasterio
620 1031 752 1098 indultis
786 1030 959 1097 dinoscitur
992 1029 1161 1114 contineri,
1193 1027 1235 1096 ad

63 1143 312 1212 eouservaudam
332 1144 510 1214 libertatem
533 1147 650 1234 ipsius,
679 1152 775 1235 prout
796 1146 946 1234 expedire
966 1145 1125 1231 videritis,
1147 1144 1235 1212 laho-

62 1258 160 1344 retis,
190 1261 337 1346 quatinus
366 1262 478 1347 dignas
504 1263 594 1331 vohis
622 1263 797 1348 gratiarum
825 1264 964 1330 Mones
993 1261 1174 1349 persolvero
1202 1265 1235 1330 et

62 1380 190 1444 vostrae
211 1376 385 1446 devotionis
413 1379 553 1446 studim
580 1379 750 1447 debeamus
776 1381 811 1446 iu
837 1379 897 1447 hau
923 1383 1017 1467 parte
1036 1398 1101 1445 non
1121 1377 1234 1445 imme-

61 1491 128 1560 rito
149 1496 378 1564 sommendaro.
414 1495 499 1565 Data
521 1494 620 1563 Sutrii
642 1497 664 1564 5
686 1495 756 1563 Kal.
772 1496 864 1564 Iunii.

62 1703 156 1776 439.
176 1711 336 1778 Ado-ianoe
350 1711 404 1778 IV
415 1735 508 1800 popu
528 1711 669 1780 Widoldo
684 1735 756 1778 auos
771 1713 817 1778 ud
831 1709 1025 1778 Formam
1038 1709 1174 1796 lreqem
1190 1707 1234 1774 le·

174 1837 264 1913 quies
286 1829 487 1894 commendet.
1071 1821 1126 1906 lM
1144 1822 1235 1906 430.)

152 1957 312 2028 Adrianus
336 1961 501 2049 episeopus
524 1981 633 2029 servus
655 1980 820 2028 servorum
833 1959 895 2027 Dei
912 1958 1027 2028 dileuto
1040 1956 1323 2027 liliosum-1155

60 2073 145 2142 lensi
168 2074 275 2143 abbati
296 2076 431 2144 salntem
452 2081 485 2144 et
507 2076 712 2164 apostolicam
732 2077 992 2145 benedictionem.
1252 2045 1325 2093 ¹⁸²¹

152 2189 295 2279 Experta
316 2195 382 2260 iam
402 2194 437 2260 iu
460 2194 569 2262 multis
592 2215 667 2280 erga
683 2201 915 2262 saorosanotam
929 2192 1104 2260 Romanam
1118 2188 1236 2257 auoule-

62 2307 146 2374 sism
161 2307 337 2376 dileetiouis
351 2314 426 2377 tuae
440 2310 604 2378 sineeritus
618 2311 741 2379 nullum
752 2310 957 2379 dubitationis
968 2308 1073 2376 looum
1083 2307 1119 2373 in
1129 2306 1235 2372 animo

61 2427 173 2491 nostro
194 2423 358 2512 relinquit,
388 2426 465 2512 quin
488 2427 526 2493 de
548 2408 614 2512 his',
638 2448 717 2513 qnae
740 2427 782 2493 ad
802 2426 954 2493 honorem
976 2425 1043 2491 eius
1065 2422 1236 2510 pertinent,

60 2539 199 2625 sigllaus
229 2546 260 2610 et
288 2543 446 2609 studiosus
474 2543 602 2610 existas.
648 2542 731 2610 Saue
758 2562 816 2610 uos
844 2541 975 2608 dilectos
1003 2539 1085 2606 lilios
1110 2543 1236 2604 nostros

60 2655 265 2742 Gluidonem)
287 2659 373 2728 tituli
387 2663 513 2726 eunome
527 2659 721 2744 Potentiam,
744 2658 941 2741 I(ohuunem)
955 2656 1041 2724 tituli
1055 2660 1236 2722 sanatorum

59 2772 211 2842 Iohannis
234 2779 266 2842 et
287 2775 378 2842 Pauli
398 2776 607 2863 presbiteros,
633 2781 665 2842 et
686 2773 888 2858 G(nidonem)
911 2779 1038 2842 sanome
1059 2771 1179 2839 hlariae
1200 2771 1235 2838 in

59 2891 188 2978 portion
202 2891 370 2960 diaouunm
383 2891 569 2978 cardinales,
585 2892 755 2981 prudentes
770 2891 918 2960 honestos
934 2911 971 2958 ao
981 2890 1138 2957 litteratos
1149 2887 1235 2956 viros

60 3012 96 3075 et
119 3027 197 3094 qnos
219 3027 308 3080 oaros
330 3011 416 3076 oiroa
437 3030 494 3077 uos
517 3010 595 3078 satis
617 3009 779 3095 hahemus,
803 3009 845 3077 ad
865 3008 1059 3097 presentiam
1074 3005 1235 3073 karissimi

58 3121 122 3190 filii
148 3125 250 3192 nostri
270 3124 449 3210 Phidonisi)
477 3127 684 3195 illustrissimi
705 3125 919 3193 Romanorum
942 3124 1027 3209 regis
1049 3143 1108 3212 pro
1129 3122 1235 3188 immi·

59 3239 211 3309 uentibus
233 3243 367 3327 negotiis
390 3242 585 3312 decrevimus
608 3242 877 3312 transmittendos.
919 3240 1073 3321 Quooiroa
1093 3239 1235 3308 dileetio·

59 3375 138 3424 nem
158 3361 248 3424 tuam
266 3379 429 3426 monemus
445 3364 477 3426 et
492 3359 694 3428 exhortemur
707 3360 743 3426 in
756 3358 905 3443 Domino,
927 3359 1075 3444 quatinus
1090 3357 1135 3424 eis
1151 3355 1236 3444 apud

60 3474 198 3541 eundem
225 3473 327 3541 filium
354 3481 497 3543 uestrum
523 3477 605 3543 siout
625 3475 716 3543 nohis
739 3477 819 3563 ipsis
841 3475 1008 3560 diligenter
1029 3473 1175 3558 maistas,
1203 3479 1237 3540 et

58 3589 307 3660 sollicitudinem
330 3612 454 3660 omnem
476 3592 636 3677 adhibeas,
659 3596 695 3660 ut
716 3592 780 3680 ipsi
797 3593 839 3660 ad
851 3593 1004 3660 honorem
1018 3593 1236 3660 saerosanotae

58 3705 223 3776 Romanae
257 3707 427 3778 aeeoleeiae
455 3709 597 3778 iniuncta
623 3707 751 3778 ualeant
776 3710 905 3794 negotiu
931 3707 1099 3797 explicare.
1150 3704 1236 3772 Data

59 3821 164 3890 Sutrii
185 3824 254 3892 Kal.
276 3824 367 3892 Iunii.

58 4035 154 4108 440.
175 4040 488 4130 AdrianusIVpepe
499 4039 686 4107 AratoldolI
692 4037 922 4126 archiepiscopo
936 4038 1116 4119 Coloniensi,
1131 4036 1234 4103 Eder-

174 4156 274 4222 durdo
297 4159 440 4244 episeopo
454 4157 687 4244 Bamderyeusi,
710 4155 852 4222 Wideldo
873 4154 1011 4236 mundat,
1033 4163 1234 4218 utmoueste·

174 4275 257 4338 mom
278 4271 432 4362 Forsan-se
454 4272 616 4338 Fra'derioo
631 4271 655 4338 I
669 4274 737 4359 reyo'
759 4271 976 4337 commordent.
1072 4265 1126 4350 (M
1142 4267 1233 4350 431.)

152 4405 313 4475 Adrianus
335 4405 500 4495 episeopus
524 4425 633 4474 servus
655 4424 819 4474 servorum
834 4402 896 4472 Dei
916 4400 1148 4471 venerabilibus
1168 4401 1234 4469 fra·
1249 4409 1323 4533 1lulffi
