3117 4859
427 282 575 331 wmsuur
596 281 760 331 sennenn
782 281 835 329 ιιι.
1153 265 1217 333 241

53 428 280 491 cumeum
307 422 458 509 adiurati,
487 426 646 511 venimus,
674 424 745 512 plus
774 429 904 510 cogente
925 424 987 491 Dei
1012 424 1219 493 ordinationis
1250 428 1320 485 1146

52 538 181 607 articulo
209 560 290 626 quae
316 541 348 607 in
378 561 432 607 ore
459 562 623 609 servorum
650 561 779 609 suorum
809 546 973 625 sonuerat,
1001 560 1096 627 quam
1118 542 1219 630 iupel·
1235 504 1291 551 Μ
1304 504 1334 550 ¹¹

51 656 131 723 lente
152 656 260 741 regiae
282 658 456 725 maiestatis
472 663 504 724 et
518 657 654 727 offensae
667 657 846 726 formidine.
880 656 1074 745 Consumpta
1088 662 1137 725 est
1152 658 1220 726 dies

52 768 119 839 illa¹
132 773 168 839 in
191 774 476 862 utriusquepartis
499 774 748 860 allegationibus.
783 774 827 841 Et
849 774 1056 861 querebamus
1076 774 1111 841 in
1126 775 1219 842 domo

51 890 135 975 regia
163 890 403 976 intercessores,
432 892 487 978 qui
515 896 608 959 autea
634 912 691 979 pro
713 890 823 957 multis
846 890 943 958 etium
965 892 1123 959 mutuatis
1145 912 1220 978 sepe

51 1007 326 1073 interveneramus.
352 1006 397 1075 Et
410 1008 656 1075 sollicitabamus
672 1008 790 1075 amiam
804 1013 940 1093 nostros,
951 1008 1043 1094 qussi
1057 1008 1097 1075 de
1112 1028 1221 1077 eorum

50 1122 107 1191 fide
130 1123 324 1209 dubitantes,
347 1124 534 1191 Anselmum
555 1124 675 1191 scilicet
690 1124 995 1210 Havelebergensem
1008 1126 1220 1193 venerabilem

51 1241 234 1327 episcopum
261 1245 293 1307 et
314 1240 491 1309 Amoldum
521 1241 650 1309 maioris
679 1242 848 1309 aecclesiae
869 1242 905 1309 in
927 1241 1057 1309 Colonia
1078 1244 1220 1331 preposi-

51 1362 124 1441 tum,
147 1358 257 1442 regiae
279 1357 384 1425 cudae
407 1356 640 1443 cancellarium,
663 1378 741 1445 quos
763 1359 959 1427 tiureutute
972 1362 1083 1426 nostra
1097 1378 1221 1427 summa

51 1472 217 1541 dilectione
240 1494 347 1541 sumus
369 1474 508 1562 amplexi
530 1480 562 1543 et
584 1475 727 1561 diligenti
749 1475 854 1542 studio
876 1495 946 1542 cum
969 1476 1141 1543 cottidiano
1163 1474 1220 1542 ke·

51 1590 151 1657 uitatis
180 1590 374 1657 incremento
397 1593 554 1675 veneruti3
584 1598 693 1679 atque,
722 1597 759 1658 ut
778 1592 870 1659 nobis
893 1594 1078 1660 assisterent
1099 1596 1132 1659 et
1153 1593 1221 1659 aui·

50 1728 134 1773 mum
156 1708 312 1795 principis
335 1708 375 1775 ab
397 1708 457 1775 hac
478 1709 652 1777 intentione
674 1714 868 1794 revocarent,
891 1729 1008 1793 magua
1028 1728 1158 1795 precum
1171 1710 1222 1776 in-

51 1824 170 1891 stancia
198 1826 397 1909 rogabamus.
438 1824 600 1911 Siquidem
628 1825 812 1911 disputandi
840 1830 873 1892 et
900 1825 1082 1909 reirugaudi
1110 1846 1222 1893 ausum

51 1940 131 2007 ultra
152 1942 222 2008 voti
244 1942 346 2009 nostri
368 1948 400 2009 et
420 1942 564 2029 responsi
587 1942 707 2029 accepti
730 1942 935 2010 stabilitatem
957 1942 1048 2009 uobis
1069 1942 1149 2010 illud
1167 1962 1222 2010 ex·

52 2056 187 2142 bibebat,
209 2059 294 2144 quod
315 2059 430 2126 iratres
451 2060 553 2125 nostri
576 2058 634 2127 sub
657 2058 793 2145 quodam
809 2059 1017 2147 interpositae
1034 2060 1222 2127 conditionis

52 2174 188 2261 pendulo
211 2174 378 2242 eonsilium
401 2175 562 2261 dederant
586 2182 622 2241 ut
643 2181 718 2243 tuuc
741 2196 944 2263 sequeremur
965 2177 1172 2262 vocationem,
1195 2176 1224 2242 si

52 2290 173 2359 nullum
205 2292 323 2359 vicium
356 2292 422 2359 sire
450 2291 540 2359 dolus
568 2293 603 2359 in
632 2293 754 2359 actione
783 2292 834 2361 vel
859 2293 1042 2360 narratione
1069 2293 1222 2360 subesset.

53 2406 129 2487 Quid
153 2407 264 2475 multis
286 2428 456 2493 moramur,
480 2428 552 2475 cum
575 2409 731 2495 universa,
756 2430 836 2495 quae
858 2409 943 2477 dieta
964 2416 1051 2495 suut·
1071 2428 1129 2476 neo
1143 2415 1223 2477 tem

54 2525 136 2611 peris
165 2544 226 2591 uec
254 2525 405 2612 epistolae
428 2524 566 2591 brevitas
589 2525 691 2613 possit
712 2526 997 2614 comprehendere?
1030 2526 1067 2593 Iu
1090 2547 1143 2593 eas
1166 2546 1222 2593 an·

54 2642 171 2725 gastins
195 2642 331 2727 quadam
348 2661 455 2708 rerum
470 2643 656 2709 necessitate
679 2642 800 2709 detrusi
822 2662 941 2726 sumus,
963 2647 1009 2727 ut,
1031 2641 1222 2709 sireceden·

55 2758 124 2825 dum
152 2758 252 2843 iuret,
283 2756 432 2825 offensam
460 2763 494 2825 et
519 2758 768 2842 indignationem
795 2760 915 2843 regiam
937 2760 1168 2826 incurreremus
1190 2764 1223 2825 et

56 2872 273 2943 Corbeiensem
303 2874 487 2942 aecclesiam
510 2874 568 2941 sub
590 2894 723 2958 maguae
746 2875 938 2942 confusionis
960 2881 993 2943 et
1013 2876 1124 2942 ruinae
1146 2876 1223 2942 arti-

55 2990 120 3058 culo
142 2990 402 3077 relinqueremus.
438 2991 570 3058 Turbati
593 3010 667 3075 ergo
691 2996 723 3057 et
743 2992 854 3079 inopes
876 2993 953 3059 iacti
973 2992 1073 3059 totius
1090 2991 1223 3077 consilii,

56 3126 122 3175 cum
148 3108 294 3175 maxima
317 3108 519 3175 lacrimarum
546 3113 578 3174 et
600 3108 795 3193 singultuum
816 3109 1047 3196 interruptione
1069 3108 1225 3177 detensio-

56 3242 124 3291 nem
150 3244 265 3293 causae
293 3231 420 3292 nostrae
447 3224 649 3311 reliquimus,
680 3225 789 3292 domni
810 3226 894 3309 regis
917 3226 1048 3293 arbitrio
1070 3228 1117 3293 rei
1139 3246 1224 3293 sum·

56 3360 137 3409 unam
161 3347 194 3408 et
215 3342 386 3409 terminum
409 3342 650 3427 committentes,
674 3362 712 3409 ee
733 3346 841 3409 tamen
862 3342 1081 3431 providentiae
1102 3343 1225 3409 ratione

58 3459 260 3543 considerata,
283 3465 320 3525 ut
341 3462 416 3525 tunc
437 3458 525 3543 regia
546 3458 754 3525 mansuetudo
778 3465 942 3543 cogeretur
960 3460 1156 3548 apropusito
1171 3459 1225 3526 de-

58 3574 180 3659 clinere,
205 3596 277 3643 cum
299 3596 357 3643 nos
381 3580 412 3641 et
433 3574 584 3642 honorem
606 3582 750 3643 nostrum
773 3576 950 3643 sesamam
972 3597 1049 3643 suae
1069 3575 1143 3644 fidei
1159 3580 1225 3643 tra-

58 3690 251 3759 didissemus.
286 3691 405 3758 Verum
425 3692 505 3779 ipse,
529 3694 563 3759 in
585 3692 636 3759 sui
657 3693 808 3779 promissi
830 3693 1003 3760 stabilitate
1019 3712 1225 3782 perseuerans

59 3813 268 3895 etiamquem
292 3808 332 3875 de
355 3829 430 3875 suae
452 3809 622 3877 voluntatis
643 3828 794 3898 processu
809 3810 923 3897 adepto
937 3810 1147 3899 triumphans,
1169 3830 1225 3876 vo-

60 3926 131 3992 uutis
154 3924 396 3993 corbeiensibus
419 3927 571 4012 uobisque
592 3926 786 4011 meentibus,
810 3946 868 3993 uos
890 3947 978 3995 more
1000 3926 1145 3995 sollemni
1166 3945 1225 4013 pu·
1241 3940 1297 3988 nec.
1312 3940 1342 3987 ra

61 4039 134 4110 blioe
162 4042 202 4109 de
225 4042 353 4109 abbatia
375 4040 556 4110 Gorbeiensi
577 4038 766 4110 investirit².
802 4042 965 4111 Induimus
986 4044 1105 4112 ibidem
1126 4064 1225 4129 qusn-

61 4155 127 4224 dam
148 4157 298 4225 firmioris
321 4159 419 4227 animi
441 4158 659 4243 constantiam,
683 4178 850 4247 personam
868 4160 957 4247 prius
972 4166 1005 4228 et
1017 4181 1086 4228 rem
1101 4180 1226 4227 omnem

126 4316 150 4371 1.
169 4316 238 4373 Dee.
251 4318 294 4373 11.
365 4318 393 4373 2.
411 4316 571 4373 Wibaldum
584 4316 629 4373 die
642 4318 676 4372 12
694 4316 857 4373 Decembris
871 4318 939 4374 1146
952 4318 980 4373 iu
992 4318 1059 4374 villa
1069 4317 1224 4375 Weinheim

62 4398 215 4461 investitum
233 4422 304 4475 esse,
322 4407 410 4478 liquet
427 4423 462 4463 ex
480 4406 559 4464 Notis
577 4404 788 4464 stabulensibus
806 4423 890 4477 supra
906 4423 933 4477 p.
947 4408 991 4463 75.

101 4502 176 4557 inni.
192 4506 335 4551 Bibliotheca
349 4507 367 4551 1.
978 4507 1012 4563 16
