3117 4859
334 268 400 337 152
718 286 867 335 wmanm
887 285 1051 335 urrerem
1071 285 1124 333 ru.

247 434 317 493 1149
334 429 394 515 ria,
422 426 554 497 afferens
577 426 728 515 parvitati
750 432 877 496 nostrae
898 422 1038 496 litteras¹
1058 432 1183 496 vetrae
1204 427 1400 514 sanctitatis,
1421 449 1493 515 quae

334 547 393 613 boc
420 546 683 635 deprecabantur,
712 548 748 611 ut
776 544 927 611 domnum
948 544 1132 613 Heinricum
1153 545 1311 631 quondam
1332 544 1495 614 aecclesiae

334 668 460 731 nostrae
483 662 629 731 abbatem
652 662 692 729 ad
714 680 771 727 nos
794 661 1067 729 reconciliaremus
1089 666 1122 728 et
1143 661 1300 729 volentem
1321 664 1496 731 conventri

333 781 416 847 inter
443 799 501 847 nos
528 799 591 846 non
620 777 853 865 repelleremus.
891 778 981 857 Quod
1002 798 1076 846 vero
1106 783 1182 844 tunc
1207 779 1244 845 in
1270 779 1497 866 presentiarum

333 901 457 965 uestrae
485 895 669 983 paternitati
695 880 885 981 respondere
910 893 1106 979 distulimus,
1134 914 1229 962 causa
1250 900 1334 980 erat,
1364 895 1449 981 quod
1466 896 1498 962 in

333 1013 393 1081 boc
414 1012 510 1082 uerbo
532 1032 648 1096 magna
670 1010 829 1078 anxietate
858 1010 1060 1095 tenebamur,
1087 1030 1146 1077 nec
1167 1012 1202 1077 in
1223 1033 1258 1079 re
1279 1017 1347 1079 tam
1371 1010 1499 1096 difficili,

300 1174 303 1181 ,
334 1150 414 1216 quae
442 1127 625 1197 scandalum
653 1127 823 1195 aecclesiae
844 1132 971 1194 nostrae
992 1126 1122 1211 gignere
1143 1133 1283 1214 poterat,
1314 1128 1500 1196 inconsultis

333 1246 489 1315 universis
510 1244 671 1328 fratribus,
695 1244 749 1331 qui
770 1247 847 1310 tunc
859 1243 1002 1330 plerique
1017 1245 1158 1331 aberant,
1180 1246 1349 1331 quicquam
1364 1251 1500 1313 statuere

333 1382 505 1449 congruum
529 1360 767 1429 arbitrabamur.
804 1359 884 1438 Quid
907 1365 1012 1428 autem
1033 1381 1117 1428 nunc
1137 1362 1171 1428 in
1194 1362 1325 1429 consilio
1345 1361 1501 1429 inveneri·

333 1500 414 1564 mus,
440 1483 564 1545 vestras
587 1477 764 1545 celsitudini
787 1496 845 1563 per
865 1478 1083 1545 unanimitatis
1104 1483 1231 1547 nostrae
1251 1478 1379 1546 litteras
1402 1479 1501 1565 apmi-

333 1616 418 1681 mus,
448 1595 507 1662 boc
536 1594 702 1682 principio¹
721 1594 932 1681 postulantes,
960 1614 1001 1661 ne
1029 1594 1210 1679 indignetur
1236 1594 1328 1662 nobis
1358 1594 1501 1661 dominus

333 1717 450 1796 noster,
474 1711 557 1797 quod
579 1711 728 1798 peticioni
750 1716 874 1779 reabse
895 1710 1076 1779 sabmacere
1098 1732 1163 1779 non
1183 1731 1363 1799 possumus.

421 1828 523 1895 Homo
546 1829 630 1896 enim
652 1828 728 1913 iste,
755 1848 813 1915 pro
836 1848 898 1914 quo
919 1827 1139 1915 interpellatis,
1161 1848 1309 1913 magnam
1331 1827 1502 1895 aecclesiae

246 1954 316 2011 1143
333 1950 460 2013 nostrae
482 1944 683 2013 affiictionem
701 1944 827 2011 intulit:
850 1946 953 2032 primo
976 1946 1103 2031 quidem
1124 1965 1197 2013 cum
1219 1946 1239 2012 d
1258 1946 1360 2013 fratre
1381 1965 1440 2012 sno
1453 1964 1502 2011 co·

333 2062 410 2129 mite
446 2060 561 2129 Sifrido
596 2062 636 2129 ad
670 2062 857 2147 dignitatem
891 2062 1034 2130 abbatiae
1066 2062 1220 2129 violenter
1248 2066 1297 2129 est
1324 2056 1500 2141 intrusus'3

334 2178 446 2245 deinde
467 2198 537 2246 cum
557 2179 591 2245 in
605 2178 779 2265 prelatione
794 2178 916 2266 positus
932 2178 1101 2245 aecclesiae
1114 2178 1235 2247 inutilis
1248 2178 1310 2245 fuit
1324 2182 1358 2245 et
1372 2179 1501 2245 damno·

246 2302 315 2358 1146
334 2315 402 2377 aus3
433 2294 597 2381 postmodo
621 2296 716 2362 etiam
738 2314 825 2379 curn,
854 2316 894 2362 ex
916 2294 977 2361 Dei
999 2295 1115 2362 iudicio
1137 2279 1313 2382 depositus,
1336 2294 1500 2363 ecclesiam

334 2416 474 2479 nosbam
497 2411 605 2479 multis
629 2417 661 2478 et
681 2412 805 2497 magnis
827 2412 963 2496 iniuriis,
990 2413 1024 2479 in
1047 2416 1200 2498 quantum
1222 2411 1336 2499 potuit,
1359 2417 1413 2479 eet
1432 2431 1500 2498 pu·

332 2533 466 2597 secutus.

417 2644 598 2744 *Siquidem
629 2649 665 2711 ut
693 2644 776 2731 apud
806 2644 1022 2711 excellentiam
1049 2650 1189 2713 vestram
1214 2643 1414 2711 excusabiles
1436 2663 1501 2711 esse

332 2760 509 2846 valeamus,
532 2760 701 2829 violentam
724 2761 931 2830 intrusionem
952 2762 1019 2828 eiua
1041 2763 1076 2829 in
1098 2762 1257 2830 abbatiam
1278 2762 1392 2847 paucis
1415 2760 1499 2829 robis

333 2898 535 2966 exponemus,
556 2880 592 2944 in
615 2877 726 2964 quibus
750 2882 816 2945 tam
838 2899 914 2945 vera
933 2878 1107 2964 loquemur,
1130 2898 1225 2964 quam
1239 2878 1309 2945 visa
1323 2882 1356 2945 et
1370 2883 1500 2966 experta

236 3004 305 3093 1143
333 2996 482 3063 dolemus.
527 2994 603 3061 Cum
637 2994 782 3061 dominus
809 2999 916 3061 noster
942 2996 1014 3082 piae
1040 2996 1193 3063 memorie
1217 2993 1376 3061 Adelbero
1406 2995 1498 3062 abbas

221 3080 273 3127 Μ’
285 3080 315 3127 2⁹
332 3113 416 3179 mam
438 3112 604 3178 universae
626 3111 729 3179 carnis
750 3111 911 3195 ingressus
934 3106 1044 3197 esset⁸,
1069 3112 1155 3179 idem
1176 3111 1310 3179 domnus
1331 3110 1497 3178 Heinricus

333 3232 401 3296 erat
424 3226 507 3315 apud
529 3247 586 3293 nos
610 3227 711 3293 adhuc
732 3227 766 3293 in
789 3227 880 3295 aunis
902 3228 1139 3313 adolescentiae,
1163 3233 1196 3295 et
1215 3247 1317 3315 nuper
1338 3227 1497 3295 absolutus

332 3344 371 3410 de
400 3344 531 3428 subiugo
561 3341 738 3409 claustralis
767 3344 936 3410 custodiae.
976 3343 1036 3411 llic
1063 3344 1218 3431 aspirarit
1243 3344 1285 3411 ad
1312 3345 1496 3430 dignitatm

332 3460 486 3545 abbatiae,
510 3479 604 3547 quam
627 3460 723 3527 etiam
746 3460 880 3546 adeptus
901 3465 959 3545 cst,
981 3461 1079 3527 fratre
1102 3481 1159 3529 suo
1181 3462 1295 3530 comite
1311 3460 1431 3529 Silride
1447 3481 1495 3529 ce-

332 3581 491 3665 operante.
526 3576 614 3643 Misit
634 3596 770 3663 namque
792 3577 877 3644 idem
899 3597 1002 3645 comes
1018 3579 1088 3667 ipso
1103 3578 1236 3646 articulo
1250 3578 1415 3667 temporis,
1438 3598 1494 3664 que

332 3686 428 3761 abbas
452 3693 556 3761 senior
578 3694 763 3779 decesserat,
787 3698 924 3761 secretos
946 3695 1073 3763 nunbos
1096 3696 1137 3762 ad
1154 3695 1375 3781 Mogautinum
1398 3695 1493 3763 arcbi·

331 3806 537 3898 episcopum.
572 3809 708 3877 Etcum
731 3809 791 3877 boc
812 3811 1042 3896 ignoraremus,
1071 3812 1184 3881 callide
1205 3813 1285 3898 egit,
1313 3817 1351 3879 ut
1373 3812 1493 3881 electio

330 3947 413 4013 nem,
437 3946 530 4012 quam
554 3926 592 3994 de
614 3928 839 3995 consuetudine
861 3928 1043 3997 monasterii
1065 3929 1176 3996 eadem
1197 3929 1248 3996 die
1270 3928 1430 3997 celebrare
1443 3928 1491 3995 dc

237 4065 312 4113 nar
331 4042 512 4127 bueramus,
541 4062 599 4129 per
627 4043 767 4110 triduum
795 4042 999 4112 differremus.
1036 4044 1168 4112 Peracto
1196 4045 1317 4131 triduo,
1345 4048 1491 4113 venerunt

330 4159 426 4245 legati
449 4158 556 4226 domni
578 4158 771 4245 Mogontini,
798 4180 870 4229 cnm
891 4161 1005 4229 litteris
1027 4162 1128 4250 ipsius
1150 4164 1240 4230 missi
1262 4163 1303 4229 ad
1323 4182 1392 4230 nos.
1427 4160 1489 4227 Lit-

403 4318 427 4373 1.
451 4316 486 4373 V.
504 4332 588 4386 supra
610 4332 674 4387 epp.
688 4318 740 4373 134
757 4322 787 4374 et
804 4319 864 4375 135.
939 4320 965 4375 2.
989 4334 1062 4377 anne
1080 4320 1159 4377 1143.
1237 4321 1265 4377 3.
1290 4320 1360 4377 1143
1376 4318 1486 4377 mat.

330 4406 356 4462 4
376 4404 534 4462 Heinricum
553 4405 567 4461 1
585 4406 779 4463 nst-1153.
