3117 4859
665 255 797 323 236
1421 274 1721 321 WmALDI
1764 272 2091 322 marom
2138 272 2242 320 ιω.

480 437 620 495 1146
666 415 1029 484 aecclesiam
1059 414 1407 483 Romanam
1437 416 1504 483 in
1532 414 1722 500 Urbe,
1767 416 1945 483 cuius
1975 415 2306 482 clementia
2347 420 2411 482 et
2455 415 2811 484 defmsione
2849 417 2978 504 plu-

460 512 533 561 No

601 514 628 560 1

533 527 576 560 ⁷·
664 533 896 600 rimum
953 533 1298 620 premuniti
1353 532 1619 617 fuimns,
1686 538 1824 599 tum
1879 533 1947 599 in
2004 532 2181 599 curia
2233 532 2614 599 serenissimi
2670 539 2736 600 et
2791 532 2980 602 incliti

664 650 1142 737 triumphatoris
1186 648 1426 716 domini
1467 649 1671 716 nostri
1722 649 1891 735 regis
1933 649 2354 716 Romanorum
2399 648 2671 717 Conradi
2714 651 2982 734 secundi,

664 767 841 835 cuins
885 766 1284 854 potissimum
1326 766 1541 834 favore
1585 771 1651 834 et
1692 764 2119 833 munificentia
2159 765 2302 833 illas
2342 766 2663 834 mirabiles
2693 765 2983 834 elationes

662 884 857 951 maris
900 903 1016 970 per
1059 883 1413 951 mirabilem
1455 883 1520 949 in
1552 882 1699 950 altis
1727 875 2070 949 Dominum
2099 882 2472 950 mirabiliter
2501 884 2986 969 enavigavimus,

663 1001 828 1069 inter
870 1000 1393 1089 peregrinationis
1429 1004 1494 1066 et
1523 1000 1704 1085 quasi
1734 1000 2058 1067 cuiusdam
2088 999 2265 1067 exilii
2292 998 2632 1085 molestias,
2679 1002 2850 1069 inter
2891 1001 2986 1067 iti·

662 1118 926 1185 nerandi
971 1123 1036 1184 et
1078 1117 1303 1202 agendi
1344 1116 1767 1201 fatigationes,
1811 1116 1979 1183 inter
2021 1116 2443 1204 periculorum
2486 1116 2760 1202 aculeos,
2808 1138 2988 1203 quae-

663 1235 810 1302 dam
853 1233 1238 1301 infirmitatis
1281 1238 1534 1300 nostrae
1567 1233 1977 1318 cogitationes
2010 1234 2343 1301 adversum
2369 1252 2486 1301 nos
2510 1234 2991 1301 murmurabant

663 1358 730 1420 et
770 1350 1149 1419 vellicabant
1192 1351 1465 1418 amarius
1512 1369 1729 1417 aurem
1760 1350 1965 1417 cordis
1994 1351 2196 1418 nostri
2225 1351 2533 1418 dicentes:
2581 1352 2819 1419 Merito
2848 1353 2990 1418 haec

652 1472 930 1558 pater-123,-
986 1472 1284 1555 quoniam
1326 1469 1504 1534 Deus
1558 1480 1734 1548 mus,
1791 1468 2107 1555 rqfuqium
2163 1480 2220 1534 et
2271 1471 2469 1535 virtus
2522 1480 2579 1534 et
2619 1471 2887 1535 adiutor
2924 1474 2992 1534 ὑι

663 1586 1198 1664 tribulationibus,
1247 1607 1408 1671 quae
1450 1587 1818 1649 invenerunt
1860 1596 1917 1650 te
1957 1587 2147 1649 nimos
2166 1579 2202 1665 ¹,
2249 1588 2321 1650 in
2363 1598 2547 1651 sentet
2586 1588 2732 1671 ipso
2783 1599 2842 1651 et
2875 1610 2991 1673 per

662 1715 846 1769 semet
872 1705 1081 1789 ipsu-m
1108 1704 1239 1766 iam
1267 1702 1643 1788 aliquotiens
1673 1701 1791 1766 tibi
1814 1700 2130 1787 resteqium
2158 1701 2394 1782 obtudit,
2422 1705 2535 1788 qui
2559 1702 2676 1767 lm
2704 1706 2991 1769 miser-aiu

662 1820 761 1886 vel
804 1841 1074 1906 prorsus
1129 1821 1360 1884 evitare
1411 1818 1509 1882 vel
1563 1820 1839 1883 secun-ius
1883 1817 2147 1883 tolerare
2179 1820 2509 1904 potuisses.
2691 1817 2784 1885 Et
2827 1818 2989 1901 licet,

662 1933 1014 2002 venerande
1042 1938 1244 2021 pater,
1289 1933 1419 2001 iam
1447 1933 1527 2000 de
1553 1932 1817 2019 prefatis
1855 1932 2332 2020 tempestatibus
2358 1934 2428 2000 in
2455 1932 2734 2019 aliquem
2765 1936 2991 2021 quietis

661 2057 912 2139 portum
942 2050 1395 2134 introissemus,
1437 2054 1651 2117 tamen
1681 2050 1760 2116 de
1785 2049 2015 2116 futuris
2044 2050 2269 2117 incerti
2312 2055 2376 2116 et
2413 2049 2644 2117 similia
2672 2051 2779 2119 vel
2826 2072 2993 2119 acer-

661 2168 840 2235 biora
866 2172 1237 2251 metuentes,
1281 2167 1350 2232 in
1394 2167 1709 2251 ambiguo,
1751 2171 1827 2232 ut
1855 2166 2090 2233 dictum
2120 2171 2236 2250 est,
2279 2166 2531 2250 fuimus,
2570 2173 2794 2234 utrum
2824 2168 2992 2236 obla-

660 2290 790 2352 tam
835 2284 1104 2369 gratiam
1148 2283 1429 2371 recipere
1456 2283 1558 2351 vel
1601 2302 1891 2350 recusare
1936 2283 2322 2368 deberemus,
2367 2303 2508 2350 cum
2538 2289 2731 2351 antea
2757 2285 2832 2352 in
2862 2286 2991 2353 ani-

660 2421 833 2468 mum
877 2401 1371 2485 induxissemus,
1425 2419 1542 2467 nec
1596 2399 1837 2467 duabus
1894 2398 2162 2468 abbatiis
2215 2399 2403 2466 simul
2450 2420 2706 2487 preesse
2750 2421 2873 2470 nec
2913 2402 2989 2468 ud

661 2518 850 2586 aliam
894 2519 1026 2585 sive
1069 2518 1372 2585 maiorem
1420 2518 1553 2585 sive
1598 2518 1894 2585 diciorem
1924 2515 2053 2583 ullo
2083 2516 2269 2583 modo
2297 2518 2625 2585 transferri
2653 2520 2986 2587 sustinere.

836 2634 910 2701 In
952 2635 1071 2701 hac
1113 2635 1326 2721 itaque
1371 2634 1633 2721 ancipiti
1676 2633 2090 2701 meditacione
2114 2668 2203 2682 -—
2235 2633 2302 2700 in
2333 2654 2458 2719 qua
2494 2635 2620 2701 iam
2664 2641 2992 2703 exarserat

656 2752 822 2836 ignis
863 2750 1179 2836 desiderii,
1222 2751 1489 2819 volentis
1534 2772 1694 2837 quae
1723 2751 1970 2838 potiora
1996 2755 2148 2816 sunt
2189 2749 2419 2835 eligere
2448 2787 2531 2797 —
2563 2754 2988 2838 processimus

659 2869 738 2935 ad
783 2867 1169 2954 aecclesiam,
1218 2868 1454 2955 aliquid
1487 2866 1874 2955 psalmorum
1901 2866 2120 2951 lingua
2144 2866 2554 2954 proferentes,
2598 2888 2747 2936 cum
2776 2874 2988 2937 tamen

658 2985 903 3052 animus
968 2986 1047 3053 ab
1105 3006 1322 3053 eorum
1388 2983 1708 3051 intellectu
1776 2983 2038 3050 salutari
2093 2982 2340 3068 longius
2408 2988 2571 3051 esset
2628 2992 2936 3072 evagatus
2946 2995 2983 3050 ·.

656 3101 993 3170 Venientes
1049 3107 1195 3170 ante
1250 3102 1447 3169 altare
1502 3099 1690 3186 illud,
1748 3098 1855 3167 ubi
1910 3098 2401 3167 benedictionem
2456 3101 2882 3189 episcopalem
2922 3103 2986 3169 in

656 3238 884 3286 nomen
929 3224 994 3286 et
1037 3217 1311 3286 officium
1368 3217 1614 3286 abbatis
1668 3216 2058 3304 suscepimus
2068 3211 2114 3300 ²,
2170 3217 2504 3284 commovit
2555 3237 2671 3284 nos
2725 3224 2987 3307 repente

657 3335 911 3420 quidam
953 3335 1284 3403 familiaris
1330 3340 1396 3402 et
1436 3336 1698 3402 intimus
1744 3354 1939 3418 amor,
1985 3353 2171 3420 quem
2217 3334 2297 3399 ad
2324 3338 2658 3420 patronum
2702 3336 2982 3403 eiusdem

653 3450 795 3535 hue-i,
847 3453 1305 3520 sanctissimum
1352 3450 1645 3518 videlicet
1684 3450 2103 3517 confessorem
2144 3454 2331 3536 atque
2357 3448 2716 3537 pontificem
2747 3451 2983 3519 Christi

663 3571 807 3635 Hem
815 3569 1013 3636 uelum
1026 3620 1046 3655 ,
1093 3568 1374 3637 eiusdem
1420 3568 1666 3635 cenobii
1707 3566 2135 3650 fundatorem,
2181 3566 2512 3651 habemus,
2558 3572 2623 3635 et
2666 3569 2984 3637 concussit

659 3687 901 3753 :mimae
941 3691 1196 3754 nostrae
1238 3684 1542 3753 interiora
1586 3683 1856 3770 quodam
1902 3681 2237 3750 affectuoso
2277 3683 2521 3769 timore,
2565 3704 2644 3750 ex
2689 3705 2766 3752 eo
2812 3684 2979 3752 vide-

659 3803 731 3867 1³1⁴:
739 3811 819 3887 et,
863 3802 1032 3889 quod
1075 3803 1144 3869 in
1187 3806 1399 3870 mente
1443 3806 1660 3868 nostra
1701 3799 2123 3885 volvebamus,
2169 3804 2381 3867 utrum
2423 3801 2623 3888 ipsius
2666 3808 2977 3870 monaste-

659 3923 819 3983 rinm
861 3918 954 3985 sic
997 3919 1350 4006 relinquere
1403 3937 1826 4006 pergeremus.
1897 3914 2209 3983 Clamavit
2250 3917 2463 4003 itaque
2508 3918 2723 3985 anima
2763 3924 2976 3987 nostra

659 4039 731 4099 zui
783 4035 977 4102 Deum
1023 4041 1088 4102 et
1132 4036 1212 4102 ad
1257 4036 1466 4123 ipsum
1511 4034 1782 4102 clamore
1821 4033 2175 4101 vehementi
2217 4034 2285 4100 in
2327 4034 2517 4101 verbo
2560 4034 2868 4120 interiori,
2908 4035 2970 4101 in

659 4155 843 4219 verbu
884 4172 1012 4219 non
1056 4150 1397 4218 diffidentis
1440 4152 1600 4239 spei,
1647 4151 1881 4236 absque
1914 4170 2066 4217 sono
2101 4152 2228 4218 oris
2258 4151 2570 4238 corporei:
2615 4152 2789 4236 Fiat,
2836 4154 2967 4219 Do·

659 4275 835 4351 mine,
876 4270 1163 4336 volumtas
1193 4282 1320 4336 tua.
1389 4270 1533 4336 Iam
1569 4271 1648 4335 de
1676 4282 1911 4336 caetero
1950 4290 2147 4356 neque
2175 4269 2675 4336 deliberationem
2702 4284 2968 4337 nostr-am

795 4399 831 4427 ει.
874 4387 1143 4443 evagagatus
1175 4403 1215 4431 c.

795 4467 843 4515 1.
877 4462 968 4518 Ps.
993 4462 1080 4531 45,
1104 4462 1159 4517 2.
1265 4463 1317 4518 2.
1358 4461 1492 4518 1131
1531 4460 1669 4532 Apr,
1695 4461 1783 4518 20.
1829 4460 1900 4518 V.
1924 4460 2050 4521 Not.
2078 4459 2230 4519 Stab.
2255 4475 2421 4532 supra
2453 4476 2505 4532 p.
2533 4461 2622 4518 ⁷5.
