3117 4859
346 242 414 309 366
681 260 832 308 wmsnm
852 258 1040 309 meones
1061 258 1117 305 ore.
1133 258 1188 306 noa

259 408 330 464 1150
346 400 462 486 noemi,
485 400 632 487 quatinus
646 422 705 489 por
720 402 788 469 eins
802 401 992 469 industriam
1006 406 1162 469 secretum
1175 400 1246 487 hoo,
1263 401 1347 469 siout
1359 400 1397 467 in
1408 401 1510 469 ctus

267 486 323 543 ”h
346 517 576 602 consuevimus,
599 518 640 585 od
663 519 824 603 egregium
838 517 943 585 voleat
964 516 1060 585 linem
1081 518 1222 604 perduci.
1251 518 1414 586 Decnim
1427 516 1513 583 colori

346 634 525 703 reversione
552 635 721 719 benignam
742 634 985 719 intelligentiam
1013 641 1103 701 tuam
1130 635 1272 703 studiose
1301 635 1512 713 admoneam

347 752 432 837 quio,
455 770 526 818 oum
549 750 693 819 sublimis
715 772 815 839 nepos
836 758 910 818 tuos
932 751 998 817 iam
1020 749 1146 819 adultus
1169 751 1221 836 sit,
1244 756 1383 838 oportet,
1403 756 1442 817 ut
1456 756 1515 817 tarn

346 888 500 955 personae
521 868 622 955 ipsius
646 888 741 955 quam
762 868 898 955 imperio
919 872 1027 934 nostro
1042 869 1077 934 in
1091 867 1305 935 contrahendo
1318 868 1516 935 matrimonio

346 984 415 1051 sino
436 1004 527 1051 mora
547 984 777 1071 provideamus.
853 984 941 1052 Scire
961 990 1096 1071 possunt
1116 985 1236 1051 inimici
1250 986 1366 1069 nostri,
1390 984 1447 1069 qni
1459 983 1516 1049 ‹lis-

346 1101 530 1168 seminondo
551 1100 712 1169 mendatis
733 1101 863 1169 turbare
884 1121 943 1167 nos
964 1106 997 1167 et
1019 1100 1200 1185 disiungere
1220 1100 1415 1186 moliuntur,
1442 1100 1517 1185 qood

347 1218 508 1286 amiciciae
528 1224 635 1286 nostre
657 1238 758 1285 nexus
781 1217 1008 1285 indissolubilis
1029 1224 1221 1304 perseveret

348 1455 437 1528 244.
457 1458 623 1527 Heiorioao
636 1462 851 1527 Romanorum
872 1481 929 1524 rec
943 1458 1114 1525 Manet
1129 1459 1323 1526 Groemn
1337 1462 1518 1549 imperabo

457 1578 618 1643 victorium
640 1600 679 1643 ec
700 1576 840 1664 Wolfone
861 1576 958 1640 lotam
979 1578 1110 1641 nuntiat.
1362 1574 1421 1656 (lh
1440 1574 1517 1655 189.)

259 1719 329 1775 1150
435 1708 546 1776 Inolito
573 1709 813 1797 triumphatori,
848 1706 1014 1792 magnifico
1043 1726 1080 1774 ao
1109 1707 1237 1775 sublimi
1265 1708 1444 1775 ornnculo·
1469 1727 1518 1774 sno

267 1795 322 1853 Ψ·
346 1824 539 1909 E(manueli)
555 1824 793 1911 Porfirogenito,
810 1823 982 1891 Greoornm
996 1824 1192 1911 imperatori,
1209 1824 1421 1910 Hleinrioush
1441 1822 1517 1890 filins

347 1940 475 2026 gloriosi
499 1961 535 2009 ac
555 1943 748 2010 serenissimi
763 1940 927 2024 G(ooradi)
941 1939 1155 2007 Romanorum
1168 1940 1374 2028 imperatoris
1390 1940 1517 2026 augusti,

347 2058 469 2147 etipse
490 2058 551 2126 Dei
574 2062 678 2144 gratia
698 2060 912 2127 Romanorum
934 2076 1002 2141 rex,
1024 2056 1130 2123 filialis
1153 2056 1331 2125 dilectionis
1354 2057 1519 2125 indissolu-

347 2174 442 2242 bilem
465 2176 600 2259 gratim
624 2181 656 2243 ot
677 2174 896 2243 firmissimum
916 2178 1088 2262 perpetuae
1111 2174 1272 2240 amiciciae
1293 2174 1470 2242 vinculum.

436 2290 524 2359 Siout
549 2293 694 2380 propicio
722 2292 871 2360 divinitas
900 2297 932 2359 et
958 2297 1108 2378 paternae
1135 2289 1296 2357 caritatis*
1320 2288 1454 2358 effeetus
1475 2310 1518 2356 me

346 2410 473 2497 imperii
496 2416 527 2477 et
549 2422 656 2477 rerum
677 2409 819 2497 parentis
840 2408 905 2475 mei
927 2426 1138 2474 successorem
1159 2406 1235 2473 iecit
1249 2412 1281 2473 et
1295 2406 1458 2493 heredem,
1480 2406 1518 2473 sie

283 2542 286 2549 ·
346 2546 417 2593 mea
438 2524 648 2611 intelligentia
669 2527 787 2593 iustum
810 2526 991 2610 arbitratur,
1013 2529 1050 2591 nt
1072 2524 1188 2589 amieos
1203 2529 1236 2590 et
1249 2522 1408 2592 federatos
1425 2524 1517 2613 patrie

346 2642 497 2710 honorem
520 2648 552 2710 et
575 2642 721 2727 diligam,
747 2642 892 2709 inimicos
915 2660 988 2708 suos
1012 2647 1044 2709 et
1065 2660 1195 2708 snorum
1217 2658 1391 2727 persequor
1414 2648 1449 2708 et
1469 2660 1516 2728 on

304 2850 306 2857 γ
346 2760 492 2846 primam.
538 2756 692 2837 Quocirca
718 2764 871 2845 paternae
901 2757 1076 2825 dilectionis
1105 2768 1198 2841 erga·
1220 2776 1277 2823 vos
1300 2761 1332 2823 et
1352 2758 1516 2845 imperinm

346 2881 486 2943 vestrum
508 2876 679 2963 particeps,
701 2894 821 2961 vosque
842 2879 995 2960 tanquam
1011 2871 1217 2941 avmouluml
1232 2878 1378 2939 noenum
1392 2874 1516 2941 karissi-

346 3011 435 3058 mum
456 2998 489 3059 et
510 2998 634 3079 patrem
653 2992 833 3079 piissimum
848 2991 972 3075 integra
986 2996 1018 3057 et
1030 2988 1121 3056 fihah
1136 2988 1302 3057 dilectione
1318 2990 1516 3078 amplectens,

348 3126 463 3192 equum
491 3128 558 3175 esse
588 3109 758 3176 arbitratus
789 3127 875 3191 som,
905 3111 1029 3174 vestroe
1051 3105 1230 3173 celsitudini
1252 3105 1435 3193 notificare,
1460 3126 1515 3197 qne

348 3222 432 3290 oiroa
453 3243 520 3309 nos,
543 3223 605 3291 Dei
621 3230 784 3311 prestonte
799 3222 976 3309 clementio,
999 3242 1153 3311 prospero
1166 3228 1326 3307 geruntur.
1358 3222 1516 3309 Siquidem

242 3358 331 3407 nense
348 3343 459 3408 octava
485 3337 536 3405 die
563 3342 681 3408 mensis
703 3340 870 3408 Februarii
897 3341 1051 3428 superbus
1079 3338 1133 3405 ille
1163 3344 1196 3405 et
1216 3336 1354 3426 perfidus
1378 3338 1515 3428 Welpho,

348 3458 396 3521 tot
423 3453 643 3523 beneficiorum
666 3458 766 3545 patris
789 3457 852 3524 mei
875 3456 1056 3541 immemor,
1085 3454 1243 3522 hostiliter
1264 3456 1383 3523 inussit
1405 3462 1515 3524 terrun

348 3575 503 3656 nostrum,
533 3576 623 3659 patre
649 3594 720 3640 meo
742 3573 777 3639 in
799 3572 893 3641 rebus
914 3573 1049 3660 publicis
1071 3572 1165 3657 longe
1186 3578 1313 3656 agente,
1341 3592 1395 3640 me
1419 3579 1515 3640 antero

348 3704 421 3752 oum
448 3691 539 3774 parte
565 3688 701 3756 miliciae
723 3689 758 3755 in
780 3688 918 3775 quodum
940 3696 1043 3756 castro
1064 3694 1174 3755 nostro
1196 3688 1316 3755 relicto.
1362 3687 1513 3771 eccm,

349 3802 389 3869 ad
412 3804 495 3888 quod
516 3804 570 3871 ille
594 3806 734 3891 acoesoit,
757 3804 931 3894 Flohopero
951 3805 1070 3872 dictum
1091 3810 1156 3888 est3
1185 3824 1244 3871 nos
1267 3810 1374 3872 autem
1398 3824 1513 3873 eramm

347 3919 382 3984 in
405 3919 466 3986 alio
489 3926 592 3988 oestro
614 3922 759 3990 Horburc
768 3919 786 4007 ¹,
815 3922 952 3989 dolante
979 3921 1018 3989 ab
1040 3921 1095 3988 illo
1117 3941 1175 4009 per
1198 3922 1342 4008 spacium
1363 3928 1467 3990 restae
1486 3926 1514 3987 et

348 4034 505 4103 dirnidioe.
552 4023 690 4126 Accepto
719 4039 818 4123 igitur
845 4044 952 4106 tantae
979 4036 1186 4105 contumeliae
1212 4039 1343 4124 nuncio,
1372 4036 1510 4107 leshoad

347 4149 469 4223 hostem
491 4154 653 4241 persequi3
677 4161 802 4222 etcum
824 4155 962 4242 quinque
984 4175 1101 4239 magne
1120 4154 1259 4222 miliario
1273 4162 1347 4242 post
1361 4176 1435 4222 eum
1445 4174 1510 4243 pro

420 4298 441 4331 ι
461 4286 566 4333 eoincnlo
588 4306 607 4333 c.
668 4288 691 4335 h.
711 4292 820 4348 paternae
840 4290 986 4349 peternitolis
1006 4308 1026 4335 c.
1087 4304 1107 4337 e
1123 4288 1164 4348 ffs
1184 4309 1203 4338 e.
1267 4291 1289 4337 d.
1309 4291 1436 4337 onlnenluro
1451 4308 1470 4337 e

420 4370 445 4424 1.
463 4370 600 4443 Horburg,
618 4389 635 4427 u
653 4374 822 4447 NdrdIIngen
840 4375 913 4432 inter
931 4376 1066 4432 orientem
1084 4381 1113 4432 et
1132 4376 1281 4433 meridiem
