3117 4859
690 272 827 338 4⁷0
1443 286 1745 335 wmum
1785 284 2119 335 nnsrom
2161 284 2271 333 uo.

520 437 657 492 1151
690 429 807 497 filii
859 429 1144 517 prefatae
1196 428 1531 497 ecclesiae·
1577 427 2009 496 clamaverunt
2060 428 2144 495 ad
2186 427 2533 497 Dominum
2584 447 2736 498 cum
2775 429 3020 498 tribub-

533 513 645 572 Apr'
689 552 931 632 rentur,
976 552 1050 613 ut
1093 546 1172 614 de
1214 544 1697 615 necessitatibus
1742 545 1874 612 suis
1921 545 2197 633 eriperet
2242 566 2347 613 eos
2363 541 2399 611 ¹.
2469 545 2752 625 Quorum
2780 546 3023 614 devotas

689 683 908 751 preces
951 663 1124 730 Deus
1170 684 1250 731 ex
1295 663 1508 730 abdito
1552 662 2025 729 misericordiae
2069 683 2222 730 suae
2281 663 2625 731 exaudiens
2639 712 2660 747 ‚
2714 663 2900 730 misit
2946 664 3025 731 eis

690 781 990 868 spiritum
1033 779 1479 847 consolationis
1524 783 1591 846 et
1631 779 2088 863 unanimitatis,
2133 784 2207 846 ut
2235 779 2378 866 pari
2405 784 2553 847 voto
2584 780 2856 866 parique
2900 800 3025 847 sen-

691 896 894 964 tentia
935 901 1003 963 et
1045 915 1320 964 consona
1362 896 1645 962 omnium
1689 894 2141 963 acclamatione
2185 895 2492 980 eligerent
2533 896 2660 963 sibi
2690 896 2760 963 in
2787 901 3027 984 patrm

693 1018 759 1082 et
810 1017 1133 1100 pastorem
1192 1013 1546 1080 animarum
1601 1031 1861 1078 suarum
1912 1016 1977 1078 et
2033 1012 2358 1079 dominum
2414 1011 2809 1080 Coloniensis
2867 1013 3028 1081 urbi·

692 1129 1078 1214 Aruoldum,
1124 1129 1409 1197 eiusdem
1451 1127 1661 1196 urbis⁵
1706 1127 2012 1195 maiorem
2054 1129 2481 1216 prepositum,
2523 1134 2786 1196 nostrae
2827 1130 3028 1198 curias

691 1246 1168 1330 cancellarium,
1221 1266 1341 1333 pro
1397 1266 1471 1312 eo
1527 1244 1696 1331 quod
1752 1244 1887 1313 eius
1941 1244 2207 1312 scientia
2250 1249 2315 1312 et
2355 1244 2682 1314 honestate
2727 1264 2882 1313 cum
2924 1245 3027 1314 De

693 1364 1008 1433 adiutorio
1056 1367 1121 1431 et
1163 1368 1374 1430 vestra
1416 1360 1849 1429 benedictione
1896 1380 1971 1427 ac
2007 1366 2225 1430 nostro
2267 1362 2547 1449 presidio
2587 1363 2944 1450 sperabant
2978 1370 3029 1430 et

692 1501 916 1570 pacem
957 1481 1028 1546 111
1069 1484 1245 1547 terra
1283 1479 1569 1546 revocari
1613 1482 1677 1545 et
1703 1476 2037 1544 latrocinia
2064 1477 2385 1546 coherceri
2413 1484 2477 1546 et
2502 1480 2846 1548 reformari
2873 1480 3027 1566 leges

685 1603 761 1666 -et
800 1598 1124 1665 honestari
1166 1616 1394 1662 mores.
1486 1594 1631 1682 Ipse
1675 1598 1887 1662 autem
1930 1593 2101 1662 ultra
2141 1594 2520 1664 humilitatis
2549 1602 2616 1664 et
2645 1596 3028 1664 obedientiae

694 1713 944 1801 regulas
989 1719 1089 1781 et·
1117 1711 1505 1780 reclamabat
1548 1716 1614 1778 et
1654 1711 2064 1795 renitebatur,
2109 1731 2227 1798 pro
2272 1710 2430 1778 hoc·¹
2457 1712 2628 1799 quod
2671 1712 2759 1779 ad
2795 1717 3028 1780 tantas·

697 1837 763 1899 et
803 1835 938 1898 tam
979 1829 1362 1917 multiplices
1404 1828 1623 1895 ruinas
1665 1827 1837 1894 intus
1878 1833 1943 1894 et
1968 1827 2124 1895 foris
2154 1828 2585 1895 resarciendas
2616 1849 2690 1896 se
2715 1827 3027 1897 infirmum

697 1954 761 2016 et
805 1947 1076 2015 debilem
1123 1944 1577 2026 arbitrabatur3
1639 1948 1732 2028 et,
1780 1964 1917 2012 sese
1959 1944 2125 2010 mori
2168 1944 2359 2012 malle
2402 1945 2506 2013 vel
2545 1944 2616 2012 in
2658 1952 3027 2034 perpetuu-

696 2065 952 2133 exulare
967 2063 1003 2148 ²,
1052 2084 1242 2150 quam
1283 2066 1553 2128 matrem
1600 2080 1777 2127 suam
1809 2081 1877 2128 se
1903 2059 2149 2147 prelato
2193 2059 2275 2128 ab
2318 2060 2625 2148 improbis
2652 2061 2924 2130 lacerari
2965 2083 3029 2129 ac

695 2181 976 2249 subverti
987 2191 1031 2264 ⁸,
1087 2179 1575 2267 protestabatur.
1665 2177 2055 2245 Irruentibus
2096 2177 2313 2264 itaque
2368 2177 2438 2244 in
2482 2198 2628 2244 emn
2681 2183 2820 2246 tam
2874 2178 3029 2247 clero

697 2318 890 2384 quam
917 2296 1241 2364 honoratis
1271 2299 1336 2362 et
1366 2293 1621 2382 populo,
1651 2297 1890 2361 tractus
1921 2298 2020 2361 est
2044 2294 2115 2360 in
2144 2292 2512 2361 aecclesiam
2531 2293 2876 2379 violenter3
2903 2315 3027 2380 net,

697 2434 874 2481 more
918 2413 1019 2481 vel
1066 2412 1285 2480 ordine
1329 2432 1442 2479 suo
1486 2410 1787 2495 renitens,
1832 2409 2208 2478 intronizari
2247 2411 2489 2498 potuit,
2534 2411 2754 2479 dicens
2763 2412 2812 2497 ⁵,
2853 2412 3029 2479 huius

696 2529 944 2597 consilii
991 2535 1055 2597 et
1095 2531 1191 2596 rei
1237 2548 1548 2595 summam
1604 2546 1802 2611 usque
1848 2527 1930 2594 ad
1972 2532 2221 2594 vestrae
2275 2526 2668 2595 celsitudinis
2713 2548 3031 2596 assensum

699 2650 764 2713 et
791 2646 1134 2713 iussionem
1166 2645 1258 2713 se*
1288 2644 1451 2712 velle
1494 2642 1764 2710 differre.
1906 2642 2349 2711 Accessimus¹⁵
2380 2644 2662 2729 interim,
2704 2645 2904 2712 nichil
2930 2645 3030 2712 ad-

697 2761 824 2828 huc
867 2762 946 2828 de
991 2762 1167 2829 obitu
1197 2760 1500 2828 antistitis
1539 2760 1711 2827 illius
1751 2759 2135 2845 audientes¹‚
2185 2759 2267 2826 ad
2311 2779 2418 2827 eas
2460 2765 2675 2847 partes
2704 2759 3029 2830 Letharin-

699 2877 841 2960 giae
888 2877 968 2942 ad
1011 2878 1444 2964 reprimendos
1488 2882 1697 2944 motus
1741 2876 1997 2944 bellicos
2043 2880 2107 2944 et
2133 2875 2544 2943 vindicandas
2579 2876 2902 2946 latronum
2941 2879 3028 2945 in-

701 2993 1021 3058 cursiones
1036 3041 1054 3075 ,
1116 2994 1223 3078 qui
1267 2999 1468 3060 totam
1513 2995 1910 3083 episcopatus
1954 2992 2126 3059 illius
2179 2992 2499 3078 regionem
2544 2994 2795 3081 rapinis
2841 3001 2907 3063 et
2942 2996 3027 3062 in·

702 3107 942 3173 cendiis
986 3110 1513 3194 perturbaverant
1565 3116 1629 3178 et
1680 3109 2124 3197 inreparabilis
2179 3114 2355 3176 metu
2396 3110 2774 3178 vastationis
2818 3119 3028 3179 cuncta

561 3237 668 3285 ιω.
703 3222 1188 3310 compleverant.
1235 3226 1512 3313 Ingressi
1531 3226 1708 3295 vero¹
1736 3225 1956 3293 urbem
1978 3223 2413 3294 Coloniensem
2436 3262 2522 3273 —
2548 3247 2711 3312 quae
2738 3232 2880 3295 tota
2904 3233 3029 3295 erat

702 3345 1001 3407 coronata
1043 3342 1271 3425 gaudio
1329 3365 1442 3432 spe
1499 3349 1563 3412 et
1619 3343 1943 3410 alacritate
1995 3347 2128 3409 tam
2178 3342 2497 3411 unanimis
2539 3343 2610 3410 in
2651 3348 2793 3412 tam
2837 3343 3024 3413 excel-

700 3454 934 3525 lentem
977 3477 1316 3544 personam
1362 3461 1684 3529 electionis
1730 3465 1795 3528 et
1836 3463 2053 3527 nostro
2098 3457 2290 3526 celeri
2322 3459 2647 3547 inopinato
2661 3469 2700 3497 ¹·
2732 3462 2915 3548 quasi
2938 3461 3025 3528 di-

701 3574 849 3642 vino
879 3580 1039 3642 nutu
1070 3576 1150 3642 ad
1176 3577 1444 3645 'eandem
1469 3598 1608 3645 rem
1638 3575 2128 3644 confirmandam
2151 3576 2422 3643 adventu
2445 3613 2529 3623 —
2553 3583 2900 3662 coegerunt
2921 3597 3024 3645 nos

701 3690 1002 3759 electores
1031 3692 1329 3777 religiosa
1356 3695 1631 3780 quadam
1663 3697 1727 3760 et
1752 3692 1976 3760 humili
2004 3691 2325 3778 violentia,
2350 3714 2389 3760 a
2409 3693 2784 3782 principali·
2805 3694 3023 3763 aeccle-

705 3810 800 3874 sia
851 3806 1022 3875 beati
1064 3806 1240 3875 Petri
1294 3810 1601 3898 principis
1657 3809 2114 3898 apostolorum,
2168 3809 2240 3876 111
2293 3830 2420 3896 qua
2472 3830 2649 3878 more
2690 3812 2869 3897 regio
2910 3809 3023 3879 sol-

705 3924 1038 4012 lempniter
1068 3925 1346 4013 suscepti
1375 3946 1647 4012 eramus,
1676 3947 1804 3994 non
1840 3926 2181 4010 discedere,
2228 3925 2426 3994 donec
2453 3926 2825 3995 electionem
2851 3948 3021 3996 cauo-

845 4081 886 4115 ⁸.
928 4067 1130 4128 prefatae
1168 4068 1389 4116 ecclesiae
1427 4085 1514 4117 om.
1543 4070 1590 4115 2.
1757 4068 1804 4116 b.
1846 4069 2094 4117 acclesiae
2123 4072 2169 4116 2.
2333 4082 2373 4117 c.
2414 4071 2464 4116 et
2491 4086 2577 4117 σο.
2609 4071 2655 4117 1.
2817 4070 2864 4118 d.
2900 4084 2952 4117 eo
2979 4070 3019 4115 1.

705 4149 1020 4196 ffibntuss.
1185 4147 1508 4197 Luulariss.
1663 4149 2066 4208 g.mbnterni1.
2227 4148 2563 4198 hdooemss.
2727 4151 3016 4198 Luc-l.

705 4230 749 4274 11.
789 4226 1179 4277 Descenderamus
1217 4230 1328 4276 tunc
1368 4229 1396 4274 1
1430 4245 1515 4288 pro
1555 4228 1845 4276 Accessimus
1882 4252 1932 4262 —-
1967 4230 2221 4277 audientes.
2373 4229 2406 4277 1.
2448 4243 2556 4289 ergo
2590 4232 2634 4278 1.
2786 4244 2848 4278 111.
2884 4228 3012 4289 moui·

709 4310 811 4354 nato
849 4331 898 4340 —-
932 4310 1047 4354 nutu
1078 4325 1164 4355 om.
1185 4309 1230 4355 1.
1351 4323 1398 4356 n.
1427 4308 1599 4369 templo
1629 4309 1678 4356 in
1709 4322 1799 4369 quo
1832 4311 1859 4357 1
1886 4326 1975 4370 pro
2006 4323 2035 4357 a
2063 4309 2305 4370 principali
2341 4333 2391 4343 —
2427 4309 2755 4370 sollempniter.

844 4403 894 4457 1.
930 4401 1022 4457 Ps.
1047 4403 1167 4472 106,
1192 4402 1244 4458 6.
