3117 4859
333 266 399 337 368
666 286 816 335 wmsum
836 284 1022 335 nummum
1042 284 1096 332 aaa.
1114 284 1168 333 aso.

237 432 306 490 1150
332 429 485 517 Flohpere
507 428 626 496 dietum
648 434 710 511 est3
734 449 792 497 uos
815 434 921 497 autem
943 448 1068 496 eramus
1090 428 1124 494 in
1146 426 1209 495 alio
1227 433 1332 496 eastre
1345 426 1491 513 liorbure,

227 508 315 557 m
333 547 469 613 distante
492 545 607 614 abillo
629 568 688 634 per
709 547 850 634 spaoium
873 550 978 613 restae
1000 551 1033 613 et
1054 545 1212 613 dimidiae.
1248 545 1388 633 Aooepto
1403 546 1494 631 igitur

333 662 475 730 celeriter
496 668 604 730 eneae
627 663 835 731 contumeliae
862 664 992 746 nuneio,
1019 662 1168 729 lesdnari
1192 662 1315 729 hostem
1337 662 1495 749 persequi3

333 785 365 848 et
387 798 458 846 oum
481 780 618 865 quinque
640 801 756 865 magna
777 780 915 847 miliaria
935 785 1009 866 post
1030 800 1103 846 eum
1124 780 1402 866 prooessissemus,
1428 798 1496 865 pre·

332 894 438 963 missis
453 897 610 983 equitibus
625 898 881 984 expeditissimis,
904 896 958 982 qui
973 896 1040 963 eius
1060 899 1149 980 tergo
1169 897 1373 970 imminentes
1394 896 1498 979 lugam

333 1014 432 1100 ipsius
455 1013 669 1098 retardarent,
692 1034 750 1081 noe
773 1014 894 1081 duabus
917 1014 1069 1080 consertis
1093 1013 1218 1081 aeiehus
1241 1014 1411 1081 abeumem
1431 1032 1499 1100 per·
1549 1034 1555 1041 ·

333 1130 549 1216 sequebamur.
579 1130 658 1198 Cum
672 1131 780 1217 itaque
796 1130 930 1215 agminis
945 1134 1090 1196 extrem
1101 1130 1167 1196 iam
1181 1131 1376 1215 cederemus,
1389 1131 1498 1197 faeiem

333 1253 514 1314 eonvertore
536 1252 661 1313 ooaotus
685 1252 747 1331 est;
777 1254 842 1332 set,
870 1266 945 1314 vero
973 1246 1041 1312 Deo
1069 1246 1109 1313 de
1136 1246 1232 1313 ooelis
1259 1250 1424 1334 pugnante
1444 1267 1500 1334 pro

332 1363 440 1448 nohis,
470 1368 593 1431 tantm
616 1364 722 1451 adepti
744 1364 862 1431 fuimus
884 1363 1063 1448 sictonam,
1093 1369 1144 1448 ut,
1167 1365 1230 1431 nisi
1252 1383 1310 1450 per
1331 1369 1500 1431 nocturum

333 1480 478 1547 tenebras
493 1480 702 1566 delituissent,
719 1480 825 1549 nullus
839 1480 967 1547 omnino
985 1479 1116 1547 evadere
1129 1482 1295 1568 potuisset
1319 1480 1417 1568 Capti
1430 1484 1501 1547 suut

225 1636 227 1641 ·
333 1597 452 1683 equites
474 1599 634 1682 tresenti·,
657 1604 691 1665 et
711 1616 862 1684 equorum
883 1617 948 1664 nou
968 1616 1085 1683 parvus
1100 1616 1251 1665 numerus
1270 1597 1432 1664 extinctus
1445 1604 1499 1680 eol,

331 1713 449 1800 partim
464 1713 582 1781 lenosis
597 1714 758 1781 oonfossus
772 1715 891 1802 partim
909 1713 1022 1799 gladiis
1045 1734 1144 1782 oesus.
1179 1705 1275 1781 Pater
1296 1733 1388 1781 meus
1411 1734 1500 1800 gene·

137 1900 141 1913 ,
261 1848 315 1907 rpr.
332 1828 431 1896 ralem
442 1850 526 1897 uuuo
537 1831 769 1918 expeditionem
781 1850 876 1918 super
888 1831 1020 1899 eundem
1031 1830 1238 1918 Welphonem
1252 1830 1371 1898 indixit
1384 1837 1418 1898 et
1432 1850 1499 1898 eum

331 1946 457 2032 penitus
481 1948 690 2014 exterminare
713 1948 904 2033 aggreditur,
927 1953 964 2014 ut
985 1948 1024 2015 de
1046 1953 1150 2016 cetero
1173 1947 1214 2014 ad
1229 1966 1430 2015 communem
1443 1950 1500 2014 im·

329 2062 412 2149 perii
434 2064 532 2130 vestri
553 2063 676 2131 hostem
698 2065 948 2151 persequendum
965 2069 996 2131 et
1011 2061 1177 2131 delendum
1193 2064 1361 2150 expeditus
1376 2071 1410 2131 et
1423 2065 1501 2132 liber

332 2180 457 2249 existat.
548 2180 637 2247 Siout
659 2186 765 2247 autem
788 2203 807 2247 a
828 2181 1009 2268 provisione
1030 2186 1164 2267 paterna
1177 2200 1281 2247 meam
1295 2182 1436 2248 indolem
1452 2202 1500 2248 re·

331 2295 441 2364 oedere
462 2314 526 2363 non
549 2298 653 2382 deest,
680 2298 727 2365 ita
748 2317 838 2364 meae
859 2298 1086 2383 intelligentiae
1113 2285 1296 2385 pergratum
1325 2302 1391 2382 est,
1420 2296 1501 2384 quod

331 2414 431 2480 tooius
453 2411 594 2481 oonsilii¹
616 2434 740 2481 summa
761 2419 885 2481 vestrae
908 2414 1035 2482 sublimi
1056 2414 1243 2500 prudentiae
1265 2413 1383 2482 oollata
1404 2421 1460 2482 eet

333 2642 421 2714 246.
444 2647 602 2714 Wibsldas
616 2648 786 2715 Emaooela'
801 2649 993 2715 Graecorum
1014 2650 1197 2735 imperatori
1219 2650 1257 2713 de
1272 2650 1430 2713 commutat
1441 2650 1498 2712 isai·

440 2766 529 2847 miso,
549 2766 685 2852 Reperio
700 2790 773 2852 repe
790 2765 925 2839 Siciliae,
949 2766 1061 2831 soritis.
1093 2766 1191 2830 Addo
1204 2766 1242 2829 de
1257 2767 1435 2850 somniare
1448 2787 1499 2829 oe·

442 2882 621 2947 aeadtadine
632 2880 786 2968 socienda
799 2884 880 2947 inter
894 2902 963 2945 essm
978 2892 1007 2945 et
1022 2880 1201 2945 Gomadeon
1213 2904 1326 2967 repam.
1350 2878 1500 2963 (him)

243 3026 313 3081 1150
419 3011 562 3080 Glorioso
592 3012 718 3081 sublimi
745 3032 782 3079 ae
810 3012 951 3099 preeelso
980 3014 1107 3098 viatori,
1135 3006 1300 3097 magnifico
1329 3032 1367 3081 ao
1389 3034 1499 3101 prepo-

252 3100 306 3159 ΑΨ·
330 3130 506 3196 tentissime
528 3128 719 3214 Etmauueli)
743 3129 1019 3216 Porphirogeuito,
1046 3128 1219 3197 Greoorum
1240 3130 1428 3217 imperatori
1449 3150 1500 3197 ex·

332 3245 569 3331 callentissimo,
599 3244 762 3315 Wiboldus
789 3246 850 3314 Dei
885 3248 988 3331 gratia
1014 3246 1212 3315 Corbeieusis
1247 3252 1279 3313 et
1305 3245 1499 3314 Stabulenais

333 3361 428 3430 abbas
452 3362 594 3429 assiduas
618 3364 773 3431 orationes
797 3369 830 3431 et
851 3363 999 3430 devotum
1021 3364 1198 3431 servicium.

419 3477 508 3558 Quod
531 3480 570 3547 ad
593 3480 762 3565 gloriosam
785 3481 980 3547 maiestatem
996 3486 1144 3565 vestram,
1168 3480 1208 3547 ad
1231 3484 1375 3547 sanetum
1394 3484 1426 3546 et
1440 3484 1499 3546 ter-

330 3594 422 3664 ribile
444 3596 613 3684 imperium
628 3602 767 3665 vestrum
791 3597 927 3665 seribere
950 3596 1058 3682 audeo,
1081 3598 1207 3682 ignotus
1222 3596 1310 3666 vobis
1333 3604 1402 3664 tam
1423 3596 1499 3663 faeie

331 3733 425 3799 quarn
448 3714 606 3801 obsequio,
630 3716 789 3802 persuasit
809 3714 889 3782 mihi
911 3715 1124 3781 sacratissima
1144 3713 1223 3781 fides
1242 3718 1358 3798 vestra,
1381 3713 1499 3779 karitas

331 3836 362 3897 et
383 3829 571 3917 benignitas,
595 3852 689 3917 quam
709 3831 895 3900 exhibuistis
910 3830 1077 3898 karissimo
1094 3830 1219 3898 domino
1233 3851 1305 3897 meo
1320 3830 1499 3913 G(onrado),

330 3948 528 4014 serenissimo
557 3945 770 4015 Romanorum
803 3948 989 4035 imperatori
1018 3952 1166 4032 augusto,
1200 3949 1234 4013 in
1261 3961 1350 4014 terra
1375 3946 1500 4034 imperii

330 4064 427 4130 vestri
449 4069 482 4131 et
502 4084 636 4148 maguae
658 4066 824 4153 potestatis
847 4070 987 4149 vestrae,
1015 4063 1138 4150 quaudo
1160 4064 1193 4129 iu
1216 4064 1273 4130 tali
1295 4064 1448 4151 temporis
1469 4066 1500 4128 et

330 4198 436 4247 rerum
459 4179 590 4247 articulo
613 4188 690 4269 erat,
713 4182 768 4250 ubi
791 4180 871 4250 solet
884 4203 977 4249 verua
993 4183 1112 4249 amiens
1127 4180 1264 4267 probari.
1295 4178 1339 4248 Et
1354 4180 1497 4267 quoniam

401 4410 427 4463 1.
445 4408 480 4463 de
498 4410 675 4467 matrimonio
692 4411 869 4481 paeiseoudo.
892 4412 925 4469 V.
939 4427 984 4481 ep.
996 4413 1050 4468 248
1067 4426 1150 4483 supra
1167 4426 1195 4482 p.
1206 4411 1269 4467 366.
