3117 4859
297 252 319 318 6
705 265 922 317 rniusnirro
945 267 973 317 s.
988 267 1060 317 urin

138 417 279 474 ιιι-768
298 411 367 479 eius
387 405 553 497 passione¹
573 408 791 498 perlegissent,
817 411 893 478 totis
916 409 1036 478 viribus
1057 409 1118 476 boc
1139 427 1233 494 agere
1253 407 1466 494 decreuerunt,

297 533 335 594 ut
360 547 433 595 cnm
460 524 654 613 reliquorum
680 531 858 614 martyrum
885 527 1027 613 reliquiis
1054 527 1088 592 in
1110 525 1242 593 basilica
1269 526 1370 593 sancti
1391 525 1468 593 Dio·

296 643 382 731 nysii
404 648 584 731 poneretur.
630 642 694 710 Sed
714 643 783 728 ille,
807 644 861 730 qui
884 663 937 711 eas
959 641 1175 726 transtulerat,
1198 663 1324 710 omnem
1344 643 1468 709 heredi·

296 766 396 828 tatem
418 779 509 827 suam
531 779 628 846 seque
648 779 721 826 cum
742 760 822 846 ipsis
842 759 983 847 reliquiis
1000 759 1115 827 Sancto
1130 759 1283 846 Dionysio
1298 759 1382 826 tradi
1395 779 1468 846 pro·

296 877 442 963 mittens,
470 876 600 943 tandem
628 876 780 960 obtinuit,
808 881 845 943 ut
871 877 906 943 in
932 875 1019 961 loco,
1049 896 1111 962 quo
1136 876 1259 964 positae
1281 879 1386 960 erant,
1416 895 1469 942 aas

296 1013 425 1061 manare
446 993 676 1081 permitterent
711 991 829 1060 Mansit
851 997 957 1060 autem
978 994 1013 1060 in
1036 993 1146 1060 eodem
1167 991 1235 1058 loco
1258 1011 1372 1078 corpus
1395 991 1468 1059 bea·

225 1122 278 1178 836
295 1111 413 1177 tissimi
433 1109 584 1196 martyris
605 1128 706 1194 usque
727 1109 768 1177 ad
791 1129 908 1177 annum
931 1111 974 1177 23
996 1108 1132 1197 piissimi
1148 1109 1349 1196 imperatoris
1363 1107 1469 1176 Ludo-

295 1227 359 1294 uici
385 1229 417 1294 et
438 1226 732 1310 octingentesimum
753 1226 950 1294 tricesimum
973 1231 1098 1294 sextum
1118 1225 1345 1293 incarnationis
1368 1224 1469 1292 domi·

295 1343 394 1410 meae
464 1341 527 1409 Sed
547 1341 733 1429 priusquam
755 1343 797 1409 ad
818 1343 887 1428 hoo,
911 1341 1045 1429 qualiter
1064 1363 1178 1430 corpus
1198 1342 1299 1410 sancti
1318 1343 1470 1430 martyris

294 1459 439 1547 partibus
463 1457 620 1526 Senoniae
641 1457 830 1526 translatum
853 1460 905 1544 sit
928 1458 996 1527 uel·
1018 1458 1152 1545 qualiter
1171 1460 1304 1526 virtutes
1323 1479 1382 1546 per
1397 1479 1468 1525 eum

294 1574 451 1643 Dominus
472 1575 599 1662 inipso
620 1575 736 1644 itinere
757 1576 922 1644 ostendere
942 1576 1089 1660 dignatus
1105 1581 1163 1660 est,
1186 1575 1283 1643 uerba
1296 1581 1469 1673 vertamus,

295 1691 426 1777 dignum
448 1692 611 1777 duximus,
639 1696 677 1758 ut
698 1693 738 1758 de
760 1694 829 1759 eius
851 1687 1053 1760 monasterii¹
1076 1692 1324 1778 constructione,
1351 1692 1407 1760 ubi
1429 1691 1471 1759 ad

295 1828 445 1897 praesens
468 1809 629 1894 quiescere
650 1808 786 1893 uidetur,
810 1808 928 1894 aliquid
951 1809 1089 1876 breviter
1112 1807 1262 1875 dicamus.

224 1934 277 1991 768
386 1924 463 1993 Post
485 1925 606 1992 obitum
619 1945 756 2010 namque
770 1925 960 1992 nobilissimi
975 1926 1059 2010 regis
1074 1924 1212 2013 Pippini,
1236 1923 1370 1992 Karolus
1384 1923 1471 1992 filius

295 2042 362 2111 eius
384 2061 517 2126 regnum
539 2042 676 2110 obtinuit
696 2041 890 2108 Francorum
912 2041 1104 2109 uniuersum.
1139 2040 1199 2108 dui
1220 2041 1375 2109 Dominus
1397 2047 1470 2108 tan-

294 2165 362 2227 tam
384 2157 517 2226 contulit
538 2159 690 2225 uirtutem
712 2162 807 2243 atque
821 2159 1006 2245 potentiam,
1029 2162 1143 2225 utnon
1158 2157 1260 2224 solum
1275 2157 1471 2225 Francorum

294 2297 427 2362 regnum
448 2281 577 2343 suenus
598 2273 789 2359 gubernaret
811 2275 867 2342 sed
889 2275 986 2342 etiam
1007 2273 1124 2341 multas
1140 2273 1346 2342 barbarorum
1360 2279 1472 2359 gentes

295 2393 538 2480 cboumquaque
552 2390 743 2476 subiugaret
766 2389 858 2458 Unde
871 2391 992 2458 factum
1005 2394 1065 2476 est,
1080 2397 1117 2458 ut
1131 2395 1256 2476 gentem
1269 2389 1471 2476 Saxonicum,

295 2529 376 2596 quae
403 2508 481 2576 olim
509 2513 621 2576 contra
642 2507 781 2575 Francos
806 2507 996 2592 rebellabat,
1024 2527 1089 2574 non
1118 2506 1220 2575 solum
1250 2527 1306 2574 suo
1328 2508 1471 2575 dominio

136 2641 278 2699 ‘lua-803
295 2626 472 2712 subegisset
493 2625 549 2693 sed
571 2630 605 2692 et
622 2623 773 2692 mellifluo
789 2624 907 2692 Christi
921 2625 1043 2692 nomini
1058 2624 1163 2692 dicare
1176 2625 1352 2691 meruisset
1386 2624 1472 2692 Nam

296 2749 329 2811 et
349 2742 432 2810 bunc
452 2742 524 2809 ideo
546 2761 625 2830 prae
646 2742 792 2808 omnibus
814 2741 994 2808 christianis
1017 2742 1143 2827 regibus
1165 2741 1421 2829 potentissimum
1434 2741 1472 2808 in

295 2859 386 2927 bellis
404 2859 504 2926 fuisse
517 2858 686 2943 credimus,
709 2858 794 2943 quia,
818 2878 895 2944 quos
911 2877 968 2925 suo
984 2858 1123 2925 dominio
1138 2857 1335 2942 subiugubat,
1351 2857 1472 2924 Christi

295 2976 417 3044 nomini
438 2975 614 3043 dedicabat
650 2974 731 3041 (tun
753 2979 860 3040 autem
880 2974 1023 3060 requiem
1044 2975 1256 3061 praestitisset
1271 2975 1301 3042 ei
1313 2971 1472 3042 Dominus

296 3113 317 3160 a
338 3089 552 3179 compluribus
579 3089 717 3158 inimicis
744 3089 828 3173 suis,
856 3089 1042 3158 convocavit
1063 3111 1171 3158 omnes
1193 3091 1248 3177 qui
1270 3090 1329 3158 sub
1351 3091 1472 3158 ditione

296 3229 356 3276 sua
382 3212 473 3276 erant
500 3207 636 3274 maiores
664 3205 843 3273 sacerdotes
873 3212 905 3273 et
930 3206 1090 3294 principes
1121 3211 1215 3294 etque
1240 3207 1473 3276 studiosissime

297 3325 468 3412 quaesivit,
496 3323 651 3410 quomodo
673 3343 783 3390 ueram
810 3320 905 3390 fidem
927 3343 1096 3409 veramque
1122 3323 1308 3409 religionem
1334 3325 1369 3390 in
1398 3325 1471 3390 uni-

297 3463 388 3509 uerso
415 3460 513 3525 regno
542 3460 600 3507 suo
627 3437 778 3506 firmaret
825 3439 987 3518 Quaesivit
1014 3440 1111 3506 etiam
1139 3440 1343 3508 nihilominus
1366 3461 1471 3508 sacer·

297 3559 387 3626 dotes
409 3559 510 3626 bonae
531 3557 610 3644 spei,
634 3577 712 3643 quos
734 3557 768 3622 iri
792 3555 965 3624 Saxoniam
987 3557 1146 3642 dirigeret,
1174 3559 1228 3644 qui
1249 3558 1336 3645 ipsos
1359 3577 1471 3625 seeun-

297 3675 373 3742 dum
401 3673 644 3743 eeolesiasticam
671 3671 766 3740 fidem
794 3672 942 3740 docerent
968 3673 1157 3759 domosquel
1180 3674 1399 3763 episcoporum
1421 3680 1471 3742 ιιιο

298 3791 446 3860 ecclesias
468 3789 704 3858 constituerent.
741 3788 804 3856 Sed
826 3809 898 3856 cum
921 3799 1046 3857 omnem
1068 3790 1210 3858 ordinem
1225 3791 1472 3859 ecclesiasticum

296 3910 332 3977 in
353 3909 410 3976 illa
430 3907 559 3992 regione
580 3905 777 3992 tradidisset,
801 3905 937 3993 qualiter
959 3907 1078 3974 ibidem
1099 3909 1306 3976 monasticem
1329 3909 1472 3997 discipli-

297 4025 390 4094 nam‘
412 4025 577 4091 instituere
598 4024 769 4109 potuisset,
796 4023 937 4090 invenire
959 4025 1115 4110 nequivit,
1138 4024 1217 4091 nisi·
1240 4030 1364 4092 tantum
1387 4027 1472 4112 quod

298 4141 383 4209 illius
411 4142 514 4228 gentis
544 4138 703 4224 homines,
738 4160 816 4226 quos
845 4139 968 4207 obsides
997 4146 1029 4207 et
1055 4141 1196 4228 captivos
1225 4147 1367 4231 tempore
1396 4163 1470 4210 con-

367 4307 388 4340 s.
404 4296 445 4340 siit
460 4295 482 4351 2,
497 4293 562 4340 ιιι.
607 4291 631 4340 b.
646 4290 728 4338 domos
743 4293 799 4340 ιι.
846 4305 866 4339 a.
882 4293 950 4352 atque
966 4293 1020 4339 td.
1069 4292 1092 4340 d.
1107 4292 1304 4352 religionen&
1351 4308 1372 4342 a.
1387 4297 1469 4344 ronti.

370 4389 396 4443 1.
413 4387 448 4444 V.
466 4402 550 4458 supra
567 4402 595 4458 p.
607 4386 633 4458 ι,
651 4403 679 4442 n.
693 4388 717 4442 i.
789 4389 817 4443 2.
834 4385 968 4445 corbeiae
985 4402 1082 4445 norae.
