3117 4859
334 277 403 346 550
714 291 864 342 wmsuur
884 289 1051 342 namucus
1072 293 1127 340 411.

335 435 425 508 411.
444 437 604 506 stcldcs
625 436 768 506 Mnaceb'
791 437 984 505 Graecorum
1003 439 1187 526 imperatos·
1207 438 1321 521 scribit,
1345 461 1378 504 ss
1394 437 1507 505 Face

444 555 510 620 ricc
524 553 548 620 I
563 556 631 643 rsqi
639 556 841 643 permississe,
862 565 898 619 ut
914 554 1032 642 duplici
1044 555 1265 621 moestitudine
1286 578 1357 620 aem
1377 578 1417 620 ec
1439 557 1509 621 ian-

443 681 576 759 9erstatr.
1342 667 1399 752 (Μ.
1417 670 1510 752 388.)

423 793 584 879 Glorioso,
613 793 740 862 sublimi
767 813 806 862 ac
825 793 983 882 precelse,
1009 794 1123 862 victori
1144 792 1310 879 magnifice
1333 815 1370 863 ac
1391 815 1513 883 prepo-

179 889 199 923 ‘”
295 890 317 924 ¹‘
332 911 509 980 tentissime
532 909 681 997 Mauueli
703 910 976 999 Perphiregeuitc‚
998 910 1346 998 (lcustautincllllit‘lno
1366 913 1513 1000 imlm'

333 1029 396 1096 teri
423 1027 703 1113 excellentissime,
730 1026 895 1096 Wibcldus
916 1027 978 1095 Dei
1000 1027 1104 1113 gratia
1125 1028 1220 1095 abbas
1243 1028 1284 1096 de
1303 1031 1512 1098 mcuoeteuiis

333 1143 454 1213 duobus
477 1144 649 1229 nobilibus,
676 1143 810 1212 Oerbeia
831 1144 979 1212 videlicet
1000 1149 1034 1212 et
1054 1144 1240 1232 stabulaus,
1268 1145 1416 1214 saunas
1440 1167 1513 1215 cn-

332 1263 434 1330 tiones
458 1265 490 1328 et
511 1260 659 1328 devotum
682 1261 855 1329 servitium.

420 1377 621 1466 Imperialem
643 1377 842 1445 maiestatem
864 1377 964 1463 decet,
985 1397 1051 1444 neu
1072 1376 1176 1445 selum
1190 1375 1378 1445 liberalitate
1394 1397 1511 1448 serum

333 1495 430 1564 etiam
458 1495 597 1581 gratiosa
623 1494 777 1562 memoria
811 1515 880 1562 esse
907 1493 1080 1583 preditam,
1113 1498 1151 1560 ut
1182 1493 1299 1561 nullius
1330 1493 1433 1562 officii
1458 1496 1513 1565 vel

281 1660 286 1672 ,
331 1610 494 1679 fidelitatis
517 1611 560 1677 sit
580 1611 762 1694 immem0r3
789 1612 938 1698 quoniam
959 1610 1096 1695 benigna
1116 1609 1332 1678 recordatione
1353 1617 1386 1678 et
1409 1614 1512 1697 grsti-

332 1728 442 1795 tudiue
464 1728 618 1816 principis
640 1728 852 1796 subiectorum
876 1725 998 1796 affectio
1020 1727 1207 1815 propensius
1229 1727 1394 1794 excitatur.
1441 1729 1513 1798 Huc

331 1851 502 1932 propterea
535 1845 748 1912 sacratissimo
781 1844 915 1932 imperio
941 1849 1047 1912 vestre
1073 1843 1236 1910 insinuare
1263 1864 1326 1911 usn
1352 1844 1511 1932 dubitavi,

334 1960 417 2047 quod
446 1965 611 2046 augustam
639 1965 779 2028 mentem
805 1965 945 2028 vestram
970 1960 1154 2028 meminisse
1179 1980 1243 2027 nen
1268 1957 1392 2044 diffide,
1425 1963 1511 2048 qued

332 2099 391 2166 per
423 2077 547 2146 litteras
576 2077 745 2167 parvitatis
773 2097 863 2145 meae
890 2081 1031 2145 uestram
1058 2077 1283 2145 sublimitatem
1311 2075 1453 2144 salutavi
1478 2086 1512 2147 et

332 2194 531 2262 beatissimos
555 2194 667 2263 effatus
682 2200 805 2262 vestros
825 2194 966 2282 recipere
987 2195 1099 2262 merui.
1132 2193 1311 2281 Eaprcpter
1331 2214 1371 2260 ex
1391 2195 1510 2264 ueras

332 2311 450 2380 famulo
477 2312 579 2379 iactus
609 2311 830 2379 devotissimus
858 2331 984 2396 servus,
1014 2311 1055 2378 ad
1084 2315 1286 2395 augmentum
1312 2314 1345 2377 et
1371 2310 1510 2396 gloriam

333 2429 524 2496 sanctissimi
556 2429 683 2516 imperii
710 2429 810 2495 vestri
841 2427 990 2495 insudare
1023 2433 1056 2495 et
1087 2427 1249 2495 decertare
1280 2446 1344 2494 neu
1372 2432 1509 2516 cessavi,

332 2545 431 2613 donec
453 2543 654 2613 beatissimae
676 2544 902 2612 recordatiouis
925 2544 1186 2613 clementissimus
1207 2545 1381 2632 imperator
1402 2545 1509 2614 Genn-

332 2661 427 2729 radus
456 2661 497 2728 ad
524 2660 791 2747 magnificentiam
813 2665 952 2728 vestram
978 2662 1105 2728 nuutios
1133 2661 1265 2746 direxit,
1294 2662 1448 2748 quatinus
1468 2665 1509 2732 sd

333 2782 537 2863 augmentum
564 2778 694 2846 maioris
722 2779 883 2845 intervos
912 2783 944 2845 et
969 2777 1076 2865 ipsum
1102 2777 1287 2846 concordiae
1312 2799 1450 2846 uxerem
1470 2780 1509 2849 ‹ls

335 2897 438 2962 vestro
454 2894 608 2980 sanguiue
623 2894 759 2962 duceret.
794 2892 851 2961 Set
866 2913 902 2961 ec
916 2893 1044 2961 interim
1059 2894 1098 2961 ab
1113 2893 1173 2960 hac
1185 2893 1379 2961 mortalitate
1391 2895 1429 2963 in
1445 2904 1508 2964 ter-

334 3031 403 3079 ram
419 3011 594 3079 urentium
610 3010 745 3096 sublate,
767 3009 867 3095 dolor,
890 3010 946 3096 qui
959 3030 1000 3076 ex
1015 3011 1081 3077 eius
1096 3011 1233 3078 uenatu
1246 3016 1386 3078 mentem
1400 3033 1506 3082 msam

334 3128 477 3196 acerbius
501 3132 718 3215 occupauerat,
740 3147 805 3194 non
818 3145 951 3215 parvam
969 3126 1214 3194 consolationem
1234 3128 1364 3214 recepit,
1386 3148 1450 3217 pre
1471 3151 1507 3198 ec

335 3245 419 3332 qued
440 3265 538 3332 nepos
560 3244 637 3330 eius,
661 3245 715 3331 qui
736 3263 821 3310 uuuc
836 3264 942 3311 rerum
956 3244 1088 3331 potitur,
1109 3241 1294 3328 magnificus
1310 3243 1507 3314 scilicetim·

333 3365 463 3448 perator
485 3360 681 3446 Fredericus,
705 3380 769 3426 nou
791 3361 893 3427 solnm
906 3361 1034 3449 imperii
1046 3360 1209 3445 fastigium
1224 3361 1372 3448 optinuit,
1394 3383 1508 3432 verum

335 3477 432 3545 etiam
455 3477 661 3563 exiguitatem
675 3497 780 3545 meam
794 3478 865 3565 pari
880 3483 913 3544 et
927 3477 1024 3544 simili
1037 3476 1249 3545 benivolentia
1264 3482 1297 3545 et
1318 3479 1508 3549 credulitate

334 3593 509 3662 honoravit.
545 3593 621 3661 lude
636 3599 694 3679 est,
717 3593 801 3681 qued
814 3594 970 3662 instautm
982 3594 1173 3682 persuadere
1193 3613 1258 3661 uon
1272 3595 1405 3679 cessavi,
1428 3617 1507 3683 qua·

334 3716 427 3779 tenum
448 3710 575 3779 inclitus
600 3715 693 3797 atque
714 3711 816 3778 victer
842 3692 988 3778 domiuus
1014 3731 1103 3779 meus
1125 3708 1308 3778 Fredericus
1329 3711 1507 3799 imperator

335 3849 408 3896 cum
430 3827 684 3895 constantissimo
712 3827 845 3916 imperio
867 3834 972 3895 vestro
1000 3825 1091 3894 fedus
1113 3827 1270 3895 amicitiae
1291 3828 1390 3896 iniret
1411 3834 1447 3896 et
1468 3829 1507 3896 sle

335 3945 487 4031 sanguiue
499 3949 602 4011 vestre
617 3964 749 4011 uxerem
764 3945 900 4012 duceret
928 3943 1017 4023 Quod
1029 3944 1241 4011 etiamvestra
1250 3947 1409 4032 sapientia
1418 3965 1506 4014 ecm-

334 4062 423 4150 plere
444 4061 658 4129 indubitanter
680 4060 861 4129 maturabit
950 4060 1112 4128 lumsusas
1125 4061 1244 4145 gratias
1258 4081 1317 4146 ego
1333 4067 1368 4129 et
1388 4062 1504 4130 nanus

334 4179 399 4248 mei
424 4178 588 4246 relefimus
615 4197 674 4265 pro
698 4179 850 4246 exsamito
874 4176 944 4245 albe
966 4177 1058 4245 nobis
1080 4174 1292 4264 trausmissc¹‚
1318 4184 1352 4245 et
1372 4179 1502 4247 deveas

334 4315 443 4384 preces
459 4312 517 4381 prs
532 4292 634 4360 salute
655 4293 783 4379 imperii
796 4295 894 4362 uestri
916 4294 956 4362 ad
970 4293 1075 4362 Deum
1095 4294 1227 4363 tundere
1247 4315 1311 4362 usu
1332 4314 1498 4364 cassamus

405 4415 829 4487 circumtruncatas.
