<?xml version="1.0" encoding="UTF-8"?>
<!DOCTYPE html PUBLIC "-//W3C//DTD XHTML 1.0 Transitional//EN"
    "http://www.w3.org/TR/xhtml1/DTD/xhtml1-transitional.dtd">
<html xmlns="http://www.w3.org/1999/xhtml" xml:lang="en" lang="en">
 <head>
  <title>
</title>
<meta http-equiv="Content-Type" content="text/html;charset=utf-8" />
  <meta name='ocr-system' content='tesseract 3.04.00' />
  <meta name='ocr-capabilities' content='ocr_page ocr_carea ocr_par ocr_line ocrx_word'/>
</head>
<body>
  <div class='ocr_page' id='page_1' title='image "./bibliothecareru05jaffgoog_0251.png"; bbox 0 0 3117 4859; ppageno 0'>
   <div class='ocr_carea' id='block_1_1' title="bbox 434 298 1223 364">
    <p class='ocr_par' dir='ltr' id='par_1_1' title="bbox 434 298 1223 364">
     <span class='ocr_line' id='line_1_1' title="bbox 434 298 1223 364; baseline 0.011 -9"><span class='ocrx_word' id='word_1_1' title='bbox 434 306 583 356; x_wconf 76' lang='lat' dir='ltr'><strong>screnum</strong></span> <span class='ocrx_word' id='word_1_2' title='bbox 603 306 769 358; x_wconf 70' lang='lat' dir='ltr'><strong>semrom</strong></span> <span class='ocrx_word' id='word_1_3' title='bbox 792 308 846 358; x_wconf 83' lang='lat' dir='ltr'><strong>ruo.</strong></span> <span class='ocrx_word' id='word_1_4' title='bbox 1157 298 1223 364; x_wconf 71' lang='lat'><strong>247</strong></span> 
     </span>
    </p>
   </div>
   <div class='ocr_carea' id='block_1_2' title="bbox 47 447 1314 1008">
    <p class='ocr_par' dir='ltr' id='par_1_2' title="bbox 47 447 1314 1008">
     <span class='ocr_line' id='line_1_2' title="bbox 52 447 1314 540; baseline 0.008 -25"><span class='ocrx_word' id='word_1_5' title='bbox 52 452 83 515; x_wconf 86' lang='lat' dir='ltr'><strong>et</strong></span> <span class='ocrx_word' id='word_1_6' title='bbox 101 447 301 535; x_wconf 84' lang='lat' dir='ltr'><strong>incipiebant</strong></span> <span class='ocrx_word' id='word_1_7' title='bbox 321 450 459 534; x_wconf 61' lang='lat' dir='ltr'><strong>massari</strong></span> <span class='ocrx_word' id='word_1_8' title='bbox 487 450 521 517; x_wconf 90' lang='lat' dir='ltr'><strong>in</strong></span> <span class='ocrx_word' id='word_1_9' title='bbox 550 470 623 517; x_wconf 88' lang='lat' dir='ltr'><strong>suos</strong></span> <span class='ocrx_word' id='word_1_10' title='bbox 652 470 818 539; x_wconf 89' lang='lat' dir='ltr'><strong>compares</strong></span> <span class='ocrx_word' id='word_1_11' title='bbox 846 458 894 537; x_wconf 84' lang='lat' dir='ltr'><strong>et,</strong></span> <span class='ocrx_word' id='word_1_12' title='bbox 922 455 1064 540; x_wconf 87' lang='lat' dir='ltr'><strong>proiecta</strong></span> <span class='ocrx_word' id='word_1_13' title='bbox 1085 458 1314 525; x_wconf 73' lang='lat' dir='ltr'><strong>commistus</strong></span> 
     </span>
     <span class='ocr_line' id='line_1_3' title="bbox 50 564 1221 658; baseline 0.009 -27"><span class='ocrx_word' id='word_1_14' title='bbox 50 564 149 631; x_wconf 65' lang='lat' dir='ltr'><strong>noemi</strong></span> <span class='ocrx_word' id='word_1_15' title='bbox 174 584 212 631; x_wconf 85' lang='lat' dir='ltr'><strong>ac</strong></span> <span class='ocrx_word' id='word_1_16' title='bbox 226 568 392 651; x_wconf 86' lang='lat' dir='ltr'><strong>potestatis</strong></span> <span class='ocrx_word' id='word_1_17' title='bbox 408 568 594 653; x_wconf 74' lang='lat' dir='ltr'><strong>reverentia</strong></span> <span class='ocrx_word' id='word_1_18' title='bbox 616 568 724 654; x_wconf 88' lang='lat' dir='ltr'><strong>predis</strong></span> <span class='ocrx_word' id='word_1_19' title='bbox 740 587 794 635; x_wconf 88' lang='lat' dir='ltr'><strong>eos</strong></span> <span class='ocrx_word' id='word_1_20' title='bbox 815 574 848 636; x_wconf 91' lang='lat' dir='ltr'><strong>et</strong></span> <span class='ocrx_word' id='word_1_21' title='bbox 860 570 982 658; x_wconf 75' lang='lat' dir='ltr'><strong>rapinis</strong></span> <span class='ocrx_word' id='word_1_22' title='bbox 996 571 1195 640; x_wconf 87' lang='lat' dir='ltr'><strong>incessebant</strong></span> <span class='ocrx_word' id='word_1_23' title='bbox 1200 584 1221 641; x_wconf 78' lang='lat'><strong>⁸.</strong></span> 
     </span>
     <span class='ocr_line' id='line_1_4' title="bbox 49 680 1221 775; baseline 0.009 -28"><span class='ocrx_word' id='word_1_24' title='bbox 49 680 248 748; x_wconf 83' lang='lat' dir='ltr'><strong>Induxerunt</strong></span> <span class='ocrx_word' id='word_1_25' title='bbox 267 688 413 770; x_wconf 88' lang='lat' dir='ltr'><strong>preterea</strong></span> <span class='ocrx_word' id='word_1_26' title='bbox 440 685 525 750; x_wconf 90' lang='lat' dir='ltr'><strong>intra</strong></span> <span class='ocrx_word' id='word_1_27' title='bbox 552 704 659 751; x_wconf 90' lang='lat' dir='ltr'><strong>muros</strong></span> <span class='ocrx_word' id='word_1_28' title='bbox 682 686 755 752; x_wconf 91' lang='lat' dir='ltr'><strong>atrii</strong></span> <span class='ocrx_word' id='word_1_29' title='bbox 776 688 960 753; x_wconf 87' lang='lat' dir='ltr'><strong>monasterii</strong></span> <span class='ocrx_word' id='word_1_30' title='bbox 981 691 1082 755; x_wconf 75' lang='lat' dir='ltr'><strong>nesci</strong></span> <span class='ocrx_word' id='word_1_31' title='bbox 1103 688 1221 775; x_wconf 67' lang='lat' dir='ltr'><strong>genus*</strong></span> 
     </span>
     <span class='ocr_line' id='line_1_5' title="bbox 48 797 1220 892; baseline 0.008 -28"><span class='ocrx_word' id='word_1_32' title='bbox 48 797 215 865; x_wconf 78' lang='lat' dir='ltr'><strong>hominm</strong></span> <span class='ocrx_word' id='word_1_33' title='bbox 237 797 489 886; x_wconf 86' lang='lat' dir='ltr'><strong>desperatorum,</strong></span> <span class='ocrx_word' id='word_1_34' title='bbox 512 801 666 887; x_wconf 76' lang='lat' dir='ltr'>predones</span> <span class='ocrx_word' id='word_1_35' title='bbox 688 801 835 870; x_wconf 87' lang='lat' dir='ltr'><strong>uidelicet</strong></span> <span class='ocrx_word' id='word_1_36' title='bbox 855 822 893 869; x_wconf 89' lang='lat' dir='ltr'><strong>ac</strong></span> <span class='ocrx_word' id='word_1_37' title='bbox 913 803 1051 871; x_wconf 88' lang='lat' dir='ltr'><strong>latrones</strong></span> <span class='ocrx_word' id='word_1_38' title='bbox 1074 810 1107 872; x_wconf 89' lang='lat' dir='ltr'><strong>et</strong></span> <span class='ocrx_word' id='word_1_39' title='bbox 1128 825 1220 892; x_wconf 88' lang='lat' dir='ltr'><strong>quos-</strong></span> 
     </span>
     <span class='ocr_line' id='line_1_6' title="bbox 47 912 1220 1008; baseline 0.008 -28"><span class='ocrx_word' id='word_1_40' title='bbox 47 912 119 980; x_wconf 87' lang='lat' dir='ltr'><strong>dam</strong></span> <span class='ocrx_word' id='word_1_41' title='bbox 142 916 354 1003; x_wconf 84' lang='lat' dir='ltr'><strong>proscriptos,</strong></span> <span class='ocrx_word' id='word_1_42' title='bbox 378 915 419 983; x_wconf 89' lang='lat' dir='ltr'><strong>de</strong></span> <span class='ocrx_word' id='word_1_43' title='bbox 441 917 553 1003; x_wconf 89' lang='lat' dir='ltr'><strong>quibus</strong></span> <span class='ocrx_word' id='word_1_44' title='bbox 574 916 702 1005; x_wconf 87' lang='lat' dir='ltr'><strong>publica</strong></span> <span class='ocrx_word' id='word_1_45' title='bbox 724 920 922 1005; x_wconf 89' lang='lat' dir='ltr'><strong>querimonia</strong></span> <span class='ocrx_word' id='word_1_46' title='bbox 942 919 1113 1007; x_wconf 86' lang='lat' dir='ltr'><strong>clamabat,</strong></span> <span class='ocrx_word' id='word_1_47' title='bbox 1137 922 1220 1008; x_wconf 93' lang='lat' dir='ltr'><strong>quod</strong></span> 
     </span>
    </p>
   </div>
   <div class='ocr_carea' id='block_1_3' title="bbox 5 1032 1331 4253">
    <p class='ocr_par' dir='ltr' id='par_1_3' title="bbox 46 1032 1220 1333">
     <span class='ocr_line' id='line_1_7' title="bbox 47 1032 1220 1123; baseline 0.007 -26"><span class='ocrx_word' id='word_1_48' title='bbox 47 1032 113 1097; x_wconf 84' lang='lat' dir='ltr'><strong>vias</strong></span> <span class='ocrx_word' id='word_1_49' title='bbox 128 1036 165 1098; x_wconf 88' lang='lat' dir='ltr'><strong>et</strong></span> <span class='ocrx_word' id='word_1_50' title='bbox 178 1032 295 1099; x_wconf 88' lang='lat' dir='ltr'><strong>itinera</strong></span> <span class='ocrx_word' id='word_1_51' title='bbox 309 1032 489 1101; x_wconf 75' lang='lat' dir='ltr'><strong>obsiderent</strong></span> <span class='ocrx_word' id='word_1_52' title='bbox 510 1039 542 1101; x_wconf 94' lang='lat' dir='ltr'><strong>et</strong></span> <span class='ocrx_word' id='word_1_53' title='bbox 555 1032 730 1102; x_wconf 89' lang='lat' dir='ltr'><strong>latrociniis</strong></span> <span class='ocrx_word' id='word_1_54' title='bbox 746 1036 854 1103; x_wconf 87' lang='lat' dir='ltr'><strong>omnia</strong></span> <span class='ocrx_word' id='word_1_55' title='bbox 867 1038 1102 1123; x_wconf 80' lang='lat' dir='ltr'><strong>permiscerent.</strong></span> <span class='ocrx_word' id='word_1_56' title='bbox 1126 1036 1220 1105; x_wconf 78' lang='lat' dir='ltr'><strong>Gom-</strong></span> 
     </span>
     <span class='ocr_line' id='line_1_8' title="bbox 46 1147 1220 1238; baseline 0.008 -24"><span class='ocrx_word' id='word_1_57' title='bbox 46 1148 218 1215; x_wconf 81' lang='lat' dir='ltr'><strong>movebant</strong></span> <span class='ocrx_word' id='word_1_58' title='bbox 239 1147 442 1217; x_wconf 73' lang='lat' dir='ltr'><strong>clandestinis</strong></span> <span class='ocrx_word' id='word_1_59' title='bbox 465 1150 604 1219; x_wconf 87' lang='lat' dir='ltr'><strong>consiliis</strong></span> <span class='ocrx_word' id='word_1_60' title='bbox 626 1150 722 1218; x_wconf 88' lang='lat' dir='ltr'><strong>corda</strong></span> <span class='ocrx_word' id='word_1_61' title='bbox 744 1152 942 1238; x_wconf 90' lang='lat' dir='ltr'><strong>quorundam</strong></span> <span class='ocrx_word' id='word_1_62' title='bbox 962 1154 1098 1221; x_wconf 70' lang='lat' dir='ltr'><strong>nauum</strong></span> <span class='ocrx_word' id='word_1_63' title='bbox 1113 1154 1148 1221; x_wconf 92' lang='lat' dir='ltr'><strong>in</strong></span> <span class='ocrx_word' id='word_1_64' title='bbox 1170 1175 1220 1223; x_wconf 92' lang='lat' dir='ltr'><strong>or-</strong></span> 
     </span>
     <span class='ocr_line' id='line_1_9' title="bbox 47 1264 457 1333; baseline 0.005 -2"><span class='ocrx_word' id='word_1_65' title='bbox 47 1264 117 1333; x_wconf 89' lang='lat' dir='ltr'><strong>dine</strong></span> <span class='ocrx_word' id='word_1_66' title='bbox 140 1284 201 1331; x_wconf 87' lang='lat' dir='ltr'><strong>suo</strong></span> <span class='ocrx_word' id='word_1_67' title='bbox 223 1264 457 1333; x_wconf 84' lang='lat' dir='ltr'><strong>dissolutorum.</strong></span> 
     </span>
    </p>

    <p class='ocr_par' dir='ltr' id='par_1_4' title="bbox 45 1380 1310 2521">
     <span class='ocr_line' id='line_1_10' title="bbox 133 1380 1218 1473; baseline 0.007 -27"><span class='ocrx_word' id='word_1_68' title='bbox 133 1380 227 1461; x_wconf 81' lang='lat' dir='ltr'><strong>Quod</strong></span> <span class='ocrx_word' id='word_1_69' title='bbox 248 1380 366 1449; x_wconf 89' lang='lat' dir='ltr'><strong>malum</strong></span> <span class='ocrx_word' id='word_1_70' title='bbox 389 1404 489 1470; x_wconf 88' lang='lat' dir='ltr'><strong>usqne</strong></span> <span class='ocrx_word' id='word_1_71' title='bbox 512 1384 589 1451; x_wconf 88' lang='lat' dir='ltr'><strong>adeo</strong></span> <span class='ocrx_word' id='word_1_72' title='bbox 609 1383 753 1471; x_wconf 85' lang='lat' dir='ltr'><strong>invaluit,</strong></span> <span class='ocrx_word' id='word_1_73' title='bbox 776 1390 814 1452; x_wconf 91' lang='lat' dir='ltr'><strong>ut</strong></span> <span class='ocrx_word' id='word_1_74' title='bbox 826 1391 901 1472; x_wconf 93' lang='lat' dir='ltr'><strong>post</strong></span> <span class='ocrx_word' id='word_1_75' title='bbox 913 1386 1050 1453; x_wconf 89' lang='lat' dir='ltr'><strong>reditum</strong></span> <span class='ocrx_word' id='word_1_76' title='bbox 1065 1392 1218 1473; x_wconf 66' lang='lat' dir='ltr'><strong>noenum,</strong></span> 
     </span>
     <span class='ocr_line' id='line_1_11' title="bbox 46 1497 1220 1589; baseline 0.005 -24"><span class='ocrx_word' id='word_1_77' title='bbox 46 1510 137 1584; x_wconf 86' lang='lat' dir='ltr'><strong>quem</strong></span> <span class='ocrx_word' id='word_1_78' title='bbox 161 1497 224 1564; x_wconf 91' lang='lat' dir='ltr'><strong>bac</strong></span> <span class='ocrx_word' id='word_1_79' title='bbox 245 1500 433 1567; x_wconf 86' lang='lat' dir='ltr'><strong>necessitate</strong></span> <span class='ocrx_word' id='word_1_80' title='bbox 455 1506 528 1567; x_wconf 90' lang='lat' dir='ltr'><strong>autc</strong></span> <span class='ocrx_word' id='word_1_81' title='bbox 542 1499 726 1587; x_wconf 89' lang='lat' dir='ltr'><strong>prefinitum</strong></span> <span class='ocrx_word' id='word_1_82' title='bbox 741 1505 773 1570; x_wconf 90' lang='lat' dir='ltr'><strong>et</strong></span> <span class='ocrx_word' id='word_1_83' title='bbox 788 1507 978 1588; x_wconf 87' lang='lat' dir='ltr'><strong>oportunum</strong></span> <span class='ocrx_word' id='word_1_84' title='bbox 992 1508 1117 1589; x_wconf 90' lang='lat' dir='ltr'><strong>tempus</strong></span> <span class='ocrx_word' id='word_1_85' title='bbox 1132 1522 1220 1571; x_wconf 86' lang='lat' dir='ltr'><strong>acce-</strong></span> 
     </span>
     <span class='ocr_line' id='line_1_12' title="bbox 45 1614 1310 1699; baseline -0.001 -18"><span class='ocrx_word' id='word_1_86' title='bbox 45 1614 228 1699; x_wconf 80' lang='lat' dir='ltr'><strong>leravimus,</strong></span> <span class='ocrx_word' id='word_1_87' title='bbox 250 1620 316 1682; x_wconf 90' lang='lat' dir='ltr'><strong>tres</strong></span> <span class='ocrx_word' id='word_1_88' title='bbox 339 1614 378 1683; x_wconf 88' lang='lat' dir='ltr'><strong>de</strong></span> <span class='ocrx_word' id='word_1_89' title='bbox 399 1616 575 1684; x_wconf 89' lang='lat' dir='ltr'><strong>iunioribus</strong></span> <span class='ocrx_word' id='word_1_90' title='bbox 596 1618 748 1685; x_wconf 86' lang='lat' dir='ltr'><strong>fratribus</strong></span> <span class='ocrx_word' id='word_1_91' title='bbox 769 1620 804 1685; x_wconf 91' lang='lat' dir='ltr'><strong>in</strong></span> <span class='ocrx_word' id='word_1_92' title='bbox 820 1620 1034 1685; x_wconf 81' lang='lat' dir='ltr'><strong>anniversario</strong></span> <span class='ocrx_word' id='word_1_93' title='bbox 1048 1619 1099 1686; x_wconf 89' lang='lat' dir='ltr'><strong>dic</strong></span> <span class='ocrx_word' id='word_1_94' title='bbox 1115 1620 1219 1687; x_wconf 87' lang='lat' dir='ltr'><strong>obitus</strong></span> <span class='ocrx_word' id='word_1_95' title='bbox 1235 1632 1310 1681; x_wconf 75' lang='lat' dir='ltr'><strong>oeae</strong></span> 
     </span>
     <span class='ocr_line' id='line_1_13' title="bbox 45 1732 1218 1821; baseline 0.004 -24"><span class='ocrx_word' id='word_1_96' title='bbox 45 1732 279 1819; x_wconf 75' lang='lat' dir='ltr'><strong>predecessoris</strong></span> <span class='ocrx_word' id='word_1_97' title='bbox 301 1734 402 1799; x_wconf 90' lang='lat' dir='ltr'><strong>nostri</strong></span> <span class='ocrx_word' id='word_1_98' title='bbox 425 1732 547 1801; x_wconf 86' lang='lat' dir='ltr'><strong>abbatis</strong></span> <span class='ocrx_word' id='word_1_99' title='bbox 562 1732 703 1802; x_wconf 90' lang='lat' dir='ltr'><strong>Heinrici</strong></span> <span class='ocrx_word' id='word_1_100' title='bbox 725 1754 784 1821; x_wconf 93' lang='lat' dir='ltr'><strong>pro</strong></span> <span class='ocrx_word' id='word_1_101' title='bbox 801 1756 839 1802; x_wconf 92' lang='lat' dir='ltr'><strong>ee</strong></span> <span class='ocrx_word' id='word_1_102' title='bbox 853 1734 1018 1803; x_wconf 89' lang='lat' dir='ltr'><strong>nobiscum</strong></span> <span class='ocrx_word' id='word_1_103' title='bbox 1032 1756 1123 1804; x_wconf 90' lang='lat' dir='ltr'><strong>orare</strong></span> <span class='ocrx_word' id='word_1_104' title='bbox 1136 1737 1218 1802; x_wconf 90' lang='lat' dir='ltr'><strong>mul-</strong></span> 
     </span>
     <span class='ocr_line' id='line_1_14' title="bbox 45 1849 1219 1941; baseline 0.004 -26"><span class='ocrx_word' id='word_1_105' title='bbox 45 1849 164 1916; x_wconf 88' lang='lat' dir='ltr'><strong>tociens</strong></span> <span class='ocrx_word' id='word_1_106' title='bbox 189 1850 355 1916; x_wconf 89' lang='lat' dir='ltr'><strong>ammoniti</strong></span> <span class='ocrx_word' id='word_1_107' title='bbox 382 1849 609 1935; x_wconf 76' lang='lat' dir='ltr'><strong>detrectarent,</strong></span> <span class='ocrx_word' id='word_1_108' title='bbox 638 1870 674 1917; x_wconf 91' lang='lat' dir='ltr'><strong>eo</strong></span> <span class='ocrx_word' id='word_1_109' title='bbox 704 1851 788 1937; x_wconf 88' lang='lat' dir='ltr'><strong>qnod</strong></span> <span class='ocrx_word' id='word_1_110' title='bbox 815 1851 976 1918; x_wconf 88' lang='lat' dir='ltr'><strong>dominum</strong></span> <span class='ocrx_word' id='word_1_111' title='bbox 1003 1872 1095 1919; x_wconf 92' lang='lat' dir='ltr'><strong>suum</strong></span> <span class='ocrx_word' id='word_1_112' title='bbox 1123 1854 1219 1941; x_wconf 89' lang='lat' dir='ltr'><strong>depo-</strong></span> 
     </span>
     <span class='ocr_line' id='line_1_15' title="bbox 45 1964 1219 2055; baseline 0.005 -24"><span class='ocrx_word' id='word_1_113' title='bbox 45 1966 160 2033; x_wconf 90' lang='lat' dir='ltr'><strong>suisset</strong></span> <span class='ocrx_word' id='word_1_114' title='bbox 182 1970 218 2033; x_wconf 88' lang='lat' dir='ltr'><strong>et</strong></span> <span class='ocrx_word' id='word_1_115' title='bbox 238 1966 274 2033; x_wconf 91' lang='lat' dir='ltr'><strong>iu</strong></span> <span class='ocrx_word' id='word_1_116' title='bbox 296 1965 370 2033; x_wconf 90' lang='lat' dir='ltr'><strong>sede</strong></span> <span class='ocrx_word' id='word_1_117' title='bbox 393 1967 460 2033; x_wconf 86' lang='lat' dir='ltr'><strong>eins</strong></span> <span class='ocrx_word' id='word_1_118' title='bbox 482 1964 618 2034; x_wconf 88' lang='lat' dir='ltr'><strong>sedisset</strong></span> <span class='ocrx_word' id='word_1_119' title='bbox 637 1972 748 2035; x_wconf 83' lang='lat' dir='ltr'><strong>contre</strong></span> <span class='ocrx_word' id='word_1_120' title='bbox 770 1986 914 2035; x_wconf 88' lang='lat' dir='ltr'><strong>canones.</strong></span> <span class='ocrx_word' id='word_1_121' title='bbox 949 1968 1012 2036; x_wconf 85' lang='lat' dir='ltr'><strong>Pro</strong></span> <span class='ocrx_word' id='word_1_122' title='bbox 1034 1988 1097 2055; x_wconf 89' lang='lat' dir='ltr'><strong>qua</strong></span> <span class='ocrx_word' id='word_1_123' title='bbox 1117 1969 1219 2038; x_wconf 89' lang='lat' dir='ltr'><strong>rebel·</strong></span> 
     </span>
     <span class='ocr_line' id='line_1_16' title="bbox 45 2081 1218 2170; baseline 0.005 -22"><span class='ocrx_word' id='word_1_124' title='bbox 45 2081 124 2149; x_wconf 82' lang='lat' dir='ltr'><strong>bone</strong></span> <span class='ocrx_word' id='word_1_125' title='bbox 147 2086 183 2149; x_wconf 81' lang='lat' dir='ltr'><strong>et</strong></span> <span class='ocrx_word' id='word_1_126' title='bbox 205 2086 389 2170; x_wconf 91' lang='lat' dir='ltr'><strong>contemptu</strong></span> <span class='ocrx_word' id='word_1_127' title='bbox 410 2087 561 2169; x_wconf 88' lang='lat' dir='ltr'><strong>tauquam</strong></span> <span class='ocrx_word' id='word_1_128' title='bbox 583 2083 799 2151; x_wconf 88' lang='lat' dir='ltr'><strong>inobedientes</strong></span> <span class='ocrx_word' id='word_1_129' title='bbox 821 2089 855 2151; x_wconf 87' lang='lat' dir='ltr'><strong>et</strong></span> <span class='ocrx_word' id='word_1_130' title='bbox 872 2085 1033 2152; x_wconf 87' lang='lat' dir='ltr'><strong>temerarii</strong></span> <span class='ocrx_word' id='word_1_131' title='bbox 1048 2086 1088 2153; x_wconf 90' lang='lat' dir='ltr'><strong>de</strong></span> <span class='ocrx_word' id='word_1_132' title='bbox 1109 2106 1218 2155; x_wconf 89' lang='lat' dir='ltr'><strong>mona·</strong></span> 
     </span>
     <span class='ocr_line' id='line_1_17' title="bbox 46 2198 1217 2287; baseline 0.005 -21"><span class='ocrx_word' id='word_1_133' title='bbox 46 2198 139 2266; x_wconf 88' lang='lat' dir='ltr'><strong>sterio</strong></span> <span class='ocrx_word' id='word_1_134' title='bbox 162 2200 324 2267; x_wconf 91' lang='lat' dir='ltr'><strong>communi</strong></span> <span class='ocrx_word' id='word_1_135' title='bbox 347 2200 487 2266; x_wconf 87' lang='lat' dir='ltr'><strong>omnium</strong></span> <span class='ocrx_word' id='word_1_136' title='bbox 509 2198 625 2266; x_wconf 91' lang='lat' dir='ltr'><strong>iudicio</strong></span> <span class='ocrx_word' id='word_1_137' title='bbox 649 2205 723 2266; x_wconf 89' lang='lat' dir='ltr'><strong>eunt</strong></span> <span class='ocrx_word' id='word_1_138' title='bbox 743 2201 886 2287; x_wconf 86' lang='lat' dir='ltr'><strong>proiecti.</strong></span> <span class='ocrx_word' id='word_1_139' title='bbox 933 2201 1020 2281; x_wconf 85' lang='lat' dir='ltr'><strong>Quae</strong></span> <span class='ocrx_word' id='word_1_140' title='bbox 1042 2204 1124 2270; x_wconf 88' lang='lat' dir='ltr'><strong>actio</strong></span> <span class='ocrx_word' id='word_1_141' title='bbox 1146 2204 1217 2272; x_wconf 91' lang='lat' dir='ltr'><strong>aliis</strong></span> 
     </span>
     <span class='ocr_line' id='line_1_18' title="bbox 47 2312 1218 2403; baseline 0.006 -21"><span class='ocrx_word' id='word_1_142' title='bbox 47 2314 259 2401; x_wconf 79' lang='lat' dir='ltr'><strong>singularibus</strong></span> <span class='ocrx_word' id='word_1_143' title='bbox 281 2316 396 2383; x_wconf 85' lang='lat' dir='ltr'><strong>litteris</strong></span> <span class='ocrx_word' id='word_1_144' title='bbox 418 2321 487 2383; x_wconf 86' lang='lat' dir='ltr'><strong>tota</strong></span> <span class='ocrx_word' id='word_1_145' title='bbox 507 2315 688 2403; x_wconf 87' lang='lat' dir='ltr'><strong>conscripta</strong></span> <span class='ocrx_word' id='word_1_146' title='bbox 704 2322 753 2384; x_wconf 89' lang='lat' dir='ltr'><strong>eet</strong></span> <span class='ocrx_word' id='word_1_147' title='bbox 762 2312 778 2384; x_wconf 86' lang='lat'><strong>¹.</strong></span> <span class='ocrx_word' id='word_1_148' title='bbox 814 2317 884 2385; x_wconf 89' lang='lat' dir='ltr'><strong>Hoc</strong></span> <span class='ocrx_word' id='word_1_149' title='bbox 903 2338 1060 2386; x_wconf 84' lang='lat' dir='ltr'><strong>venenum</strong></span> <span class='ocrx_word' id='word_1_150' title='bbox 1082 2320 1122 2387; x_wconf 90' lang='lat' dir='ltr'><strong>de</strong></span> <span class='ocrx_word' id='word_1_151' title='bbox 1143 2340 1218 2389; x_wconf 92' lang='lat' dir='ltr'><strong>con·</strong></span> 
     </span>
     <span class='ocr_line' id='line_1_19' title="bbox 46 2430 988 2521; baseline 0.004 -24"><span class='ocrx_word' id='word_1_152' title='bbox 46 2430 165 2501; x_wconf 71' lang='lat' dir='ltr'><strong>latone</strong></span> <span class='ocrx_word' id='word_1_153' title='bbox 188 2432 326 2521; x_wconf 89' lang='lat' dir='ltr'><strong>predicti</strong></span> <span class='ocrx_word' id='word_1_154' title='bbox 347 2432 558 2500; x_wconf 77' lang='lat' dir='ltr'><strong>conventiculi</strong></span> <span class='ocrx_word' id='word_1_155' title='bbox 578 2431 708 2500; x_wconf 84' lang='lat' dir='ltr'><strong>fluxisse</strong></span> <span class='ocrx_word' id='word_1_156' title='bbox 731 2454 795 2500; x_wconf 90' lang='lat' dir='ltr'><strong>non</strong></span> <span class='ocrx_word' id='word_1_157' title='bbox 817 2434 988 2501; x_wconf 88' lang='lat' dir='ltr'><strong>dubitetur.</strong></span> 
     </span>
    </p>

    <p class='ocr_par' dir='ltr' id='par_1_5' title="bbox 5 2548 1330 3223">
     <span class='ocr_line' id='line_1_20' title="bbox 130 2548 1217 2640; baseline 0.002 -23"><span class='ocrx_word' id='word_1_158' title='bbox 130 2549 243 2617; x_wconf 83' lang='lat' dir='ltr'><strong>Creuit</strong></span> <span class='ocrx_word' id='word_1_159' title='bbox 264 2549 393 2616; x_wconf 88' lang='lat' dir='ltr'><strong>cottidie</strong></span> <span class='ocrx_word' id='word_1_160' title='bbox 415 2548 560 2616; x_wconf 78' lang='lat' dir='ltr'><strong>simultas</strong></span> <span class='ocrx_word' id='word_1_161' title='bbox 583 2555 615 2616; x_wconf 90' lang='lat' dir='ltr'><strong>ct</strong></span> <span class='ocrx_word' id='word_1_162' title='bbox 629 2550 749 2617; x_wconf 73' lang='lat' dir='ltr'><strong>nucius</strong></span> <span class='ocrx_word' id='word_1_163' title='bbox 765 2552 942 2634; x_wconf 77' lang='lat' dir='ltr'><strong>augmentis</strong></span> <span class='ocrx_word' id='word_1_164' title='bbox 956 2553 990 2617; x_wconf 93' lang='lat' dir='ltr'><strong>in</strong></span> <span class='ocrx_word' id='word_1_165' title='bbox 1004 2554 1128 2619; x_wconf 85' lang='lat' dir='ltr'><strong>tantum</strong></span> <span class='ocrx_word' id='word_1_166' title='bbox 1143 2572 1217 2640; x_wconf 90' lang='lat' dir='ltr'><strong>pro-</strong></span> 
     </span>
     <span class='ocr_line' id='line_1_21' title="bbox 47 2665 1217 2754; baseline 0.004 -23"><span class='ocrx_word' id='word_1_167' title='bbox 47 2672 132 2733; x_wconf 83' lang='lat' dir='ltr'><strong>secta</strong></span> <span class='ocrx_word' id='word_1_168' title='bbox 155 2672 217 2751; x_wconf 65' lang='lat' dir='ltr'><strong>est„</strong></span> <span class='ocrx_word' id='word_1_169' title='bbox 240 2670 276 2732; x_wconf 91' lang='lat' dir='ltr'><strong>ut</strong></span> <span class='ocrx_word' id='word_1_170' title='bbox 298 2666 345 2733; x_wconf 92' lang='lat' dir='ltr'><strong>illi</strong></span> <span class='ocrx_word' id='word_1_171' title='bbox 367 2665 440 2754; x_wconf 85' lang='lat' dir='ltr'><strong>ipsi,</strong></span> <span class='ocrx_word' id='word_1_172' title='bbox 464 2666 503 2733; x_wconf 89' lang='lat' dir='ltr'><strong>de</strong></span> <span class='ocrx_word' id='word_1_173' title='bbox 526 2666 639 2752; x_wconf 90' lang='lat' dir='ltr'><strong>quibus</strong></span> <span class='ocrx_word' id='word_1_174' title='bbox 662 2666 782 2733; x_wconf 88' lang='lat' dir='ltr'><strong>dictum</strong></span> <span class='ocrx_word' id='word_1_175' title='bbox 804 2671 863 2752; x_wconf 72' lang='lat' dir='ltr'><strong>est,</strong></span> <span class='ocrx_word' id='word_1_176' title='bbox 885 2687 943 2734; x_wconf 89' lang='lat' dir='ltr'><strong>nos</strong></span> <span class='ocrx_word' id='word_1_177' title='bbox 964 2688 1023 2754; x_wconf 89' lang='lat' dir='ltr'><strong>per</strong></span> <span class='ocrx_word' id='word_1_178' title='bbox 1044 2667 1217 2736; x_wconf 87' lang='lat' dir='ltr'><strong>submissos</strong></span> 
     </span>
     <span class='ocr_line' id='line_1_22' title="bbox 47 2782 1330 2871; baseline 0.003 -22"><span class='ocrx_word' id='word_1_179' title='bbox 47 2782 180 2851; x_wconf 72' lang='lat' dir='ltr'><strong>labores</strong></span> <span class='ocrx_word' id='word_1_180' title='bbox 204 2783 363 2850; x_wconf 89' lang='lat' dir='ltr'><strong>trucidare</strong></span> <span class='ocrx_word' id='word_1_181' title='bbox 385 2782 610 2870; x_wconf 88' lang='lat' dir='ltr'><strong>temptaverint</strong></span> <span class='ocrx_word' id='word_1_182' title='bbox 632 2785 654 2849; x_wconf 92' lang='lat'><strong>4</strong></span> <span class='ocrx_word' id='word_1_183' title='bbox 676 2782 746 2849; x_wconf 87' lang='lat' dir='ltr'><strong>Kal.</strong></span> <span class='ocrx_word' id='word_1_184' title='bbox 770 2782 918 2850; x_wconf 80' lang='lat' dir='ltr'><strong>Ianuarii.</strong></span> <span class='ocrx_word' id='word_1_185' title='bbox 965 2783 1032 2863; x_wconf 82' lang='lat' dir='ltr'><strong>Quo</strong></span> <span class='ocrx_word' id='word_1_186' title='bbox 1054 2786 1217 2871; x_wconf 87' lang='lat' dir='ltr'><strong>nequiciae</strong></span> <span class='ocrx_word' id='word_1_187' title='bbox 1233 2801 1330 2853; x_wconf 73' lang='lat' dir='ltr'><strong>oseae</strong></span> 
     </span>
     <span class='ocr_line' id='line_1_23' title="bbox 48 2896 1217 2987; baseline 0.003 -21"><span class='ocrx_word' id='word_1_188' title='bbox 48 2906 157 2968; x_wconf 86' lang='lat' dir='ltr'><strong>conatu</strong></span> <span class='ocrx_word' id='word_1_189' title='bbox 179 2900 337 2984; x_wconf 73' lang='lat' dir='ltr'><strong>frustrati,</strong></span> <span class='ocrx_word' id='word_1_190' title='bbox 361 2896 488 2967; x_wconf 81' lang='lat' dir='ltr'><strong>effracto</strong></span> <span class='ocrx_word' id='word_1_191' title='bbox 511 2898 634 2967; x_wconf 86' lang='lat' dir='ltr'><strong>stabulo</strong></span> <span class='ocrx_word' id='word_1_192' title='bbox 656 2904 775 2985; x_wconf 83' lang='lat' dir='ltr'><strong>nostro,</strong></span> <span class='ocrx_word' id='word_1_193' title='bbox 802 2905 937 2986; x_wconf 88' lang='lat' dir='ltr'><strong>quatuor</strong></span> <span class='ocrx_word' id='word_1_194' title='bbox 959 2920 1056 2987; x_wconf 88' lang='lat' dir='ltr'><strong>equos</strong></span> <span class='ocrx_word' id='word_1_195' title='bbox 1078 2900 1217 2969; x_wconf 85' lang='lat' dir='ltr'><strong>abduxe-</strong></span> 
     </span>
     <span class='ocr_line' id='line_1_24' title="bbox 47 3012 1215 3102; baseline 0.002 -19"><span class='ocrx_word' id='word_1_196' title='bbox 47 3022 125 3102; x_wconf 59' lang='lat' dir='ltr'><strong>runt„</strong></span> <span class='ocrx_word' id='word_1_197' title='bbox 147 3023 217 3085; x_wconf 86' lang='lat' dir='ltr'><strong>tras</strong></span> <span class='ocrx_word' id='word_1_198' title='bbox 239 3016 353 3102; x_wconf 83' lang='lat' dir='ltr'><strong>gladiis</strong></span> <span class='ocrx_word' id='word_1_199' title='bbox 375 3012 611 3084; x_wconf 80' lang='lat' dir='ltr'><strong>confodemnt’.</strong></span> <span class='ocrx_word' id='word_1_200' title='bbox 648 3015 716 3083; x_wconf 90' lang='lat' dir='ltr'><strong>Hoc</strong></span> <span class='ocrx_word' id='word_1_201' title='bbox 729 3017 849 3083; x_wconf 83' lang='lat' dir='ltr'><strong>facturn</strong></span> <span class='ocrx_word' id='word_1_202' title='bbox 862 3017 897 3083; x_wconf 94' lang='lat' dir='ltr'><strong>in</strong></span> <span class='ocrx_word' id='word_1_203' title='bbox 919 3036 974 3085; x_wconf 92' lang='lat' dir='ltr'><strong>ore</strong></span> <span class='ocrx_word' id='word_1_204' title='bbox 988 3018 1129 3085; x_wconf 87' lang='lat' dir='ltr'><strong>omnium</strong></span> <span class='ocrx_word' id='word_1_205' title='bbox 1143 3038 1215 3085; x_wconf 92' lang='lat' dir='ltr'><strong>cum</strong></span> 
     </span>
     <span class='ocr_line' id='line_1_25' title="bbox 5 3133 1214 3223; baseline 0.002 -24"><span class='ocrx_word' id='word_1_206' title='bbox 5 3196 6 3199; x_wconf 74' lang='grc'>,</span> <span class='ocrx_word' id='word_1_207' title='bbox 49 3134 264 3203; x_wconf 85' lang='lat' dir='ltr'><strong>maledictione</strong></span> <span class='ocrx_word' id='word_1_208' title='bbox 285 3136 429 3200; x_wconf 87' lang='lat' dir='ltr'><strong>versatur</strong></span> <span class='ocrx_word' id='word_1_209' title='bbox 451 3136 484 3199; x_wconf 90' lang='lat' dir='ltr'><strong>et</strong></span> <span class='ocrx_word' id='word_1_210' title='bbox 504 3152 562 3199; x_wconf 91' lang='lat' dir='ltr'><strong>nos</strong></span> <span class='ocrx_word' id='word_1_211' title='bbox 585 3133 744 3201; x_wconf 84' lang='lat' dir='ltr'><strong>anxietate</strong></span> <span class='ocrx_word' id='word_1_212' title='bbox 767 3152 805 3200; x_wconf 88' lang='lat' dir='ltr'><strong>ac</strong></span> <span class='ocrx_word' id='word_1_213' title='bbox 832 3133 1043 3202; x_wconf 88' lang='lat' dir='ltr'><strong>sollicitudine</strong></span> <span class='ocrx_word' id='word_1_214' title='bbox 1061 3134 1214 3223; x_wconf 83' lang='lat' dir='ltr'><strong>impleuit</strong></span> 
     </span>
    </p>

    <p class='ocr_par' dir='ltr' id='par_1_6' title="bbox 51 3249 1331 3919">
     <span class='ocr_line' id='line_1_26' title="bbox 129 3249 1217 3339; baseline 0.003 -22"><span class='ocrx_word' id='word_1_215' title='bbox 129 3249 313 3337; x_wconf 86' lang='lat' dir='ltr'><strong>Perpendat</strong></span> <span class='ocrx_word' id='word_1_216' title='bbox 329 3268 423 3334; x_wconf 78' lang='lat' dir='ltr'><strong>nunc,</strong></span> <span class='ocrx_word' id='word_1_217' title='bbox 437 3249 608 3317; x_wconf 88' lang='lat' dir='ltr'><strong>reverende</strong></span> <span class='ocrx_word' id='word_1_218' title='bbox 621 3252 723 3337; x_wconf 84' lang='lat' dir='ltr'><strong>pater,</strong></span> <span class='ocrx_word' id='word_1_219' title='bbox 732 3287 739 3295; x_wconf 89' lang='lat'>·</span> <span class='ocrx_word' id='word_1_220' title='bbox 747 3268 784 3317; x_wconf 89' lang='lat' dir='ltr'><strong>ac</strong></span> <span class='ocrx_word' id='word_1_221' title='bbox 797 3250 915 3317; x_wconf 87' lang='lat' dir='ltr'><strong>iudicet</strong></span> <span class='ocrx_word' id='word_1_222' title='bbox 929 3257 1036 3319; x_wconf 73' lang='lat' dir='ltr'><strong>sesua</strong></span> <span class='ocrx_word' id='word_1_223' title='bbox 1047 3252 1217 3339; x_wconf 85' lang='lat' dir='ltr'><strong>prudentia</strong></span> 
     </span>
     <span class='ocr_line' id='line_1_27' title="bbox 51 3365 1215 3455; baseline 0.003 -20"><span class='ocrx_word' id='word_1_224' title='bbox 51 3368 84 3435; x_wconf 89' lang='lat' dir='ltr'><strong>dc</strong></span> <span class='ocrx_word' id='word_1_225' title='bbox 102 3374 211 3435; x_wconf 84' lang='lat' dir='ltr'><strong>restra</strong></span> <span class='ocrx_word' id='word_1_226' title='bbox 232 3367 389 3455; x_wconf 90' lang='lat' dir='ltr'><strong>peticione</strong></span> <span class='ocrx_word' id='word_1_227' title='bbox 412 3385 507 3453; x_wconf 88' lang='lat' dir='ltr'><strong>super</strong></span> <span class='ocrx_word' id='word_1_228' title='bbox 527 3365 613 3433; x_wconf 92' lang='lat' dir='ltr'><strong>illius</strong></span> <span class='ocrx_word' id='word_1_229' title='bbox 634 3366 743 3434; x_wconf 80' lang='lat' dir='ltr'><strong>fratris</strong></span> <span class='ocrx_word' id='word_1_230' title='bbox 765 3368 801 3433; x_wconf 93' lang='lat' dir='ltr'><strong>in</strong></span> <span class='ocrx_word' id='word_1_231' title='bbox 815 3367 987 3435; x_wconf 84' lang='lat' dir='ltr'><strong>claustrum</strong></span> <span class='ocrx_word' id='word_1_232' title='bbox 1007 3374 1151 3437; x_wconf 69' lang='lat' dir='ltr'><strong>nostum</strong></span> <span class='ocrx_word' id='word_1_233' title='bbox 1165 3390 1215 3438; x_wconf 87' lang='lat' dir='ltr'><strong>re-</strong></span> 
     </span>
     <span class='ocr_line' id='line_1_28' title="bbox 51 3482 1215 3571; baseline 0.003 -21"><span class='ocrx_word' id='word_1_234' title='bbox 51 3486 204 3571; x_wconf 81' lang='lat' dir='ltr'><strong>ceptione,</strong></span> <span class='ocrx_word' id='word_1_235' title='bbox 233 3484 287 3569; x_wconf 89' lang='lat' dir='ltr'><strong>qui</strong></span> <span class='ocrx_word' id='word_1_236' title='bbox 313 3488 380 3549; x_wconf 87' lang='lat' dir='ltr'><strong>tam</strong></span> <span class='ocrx_word' id='word_1_237' title='bbox 401 3482 528 3551; x_wconf 92' lang='lat' dir='ltr'><strong>mobilis</strong></span> <span class='ocrx_word' id='word_1_238' title='bbox 556 3487 588 3550; x_wconf 90' lang='lat' dir='ltr'><strong>et</strong></span> <span class='ocrx_word' id='word_1_239' title='bbox 616 3484 828 3551; x_wconf 81' lang='lat' dir='ltr'><strong>convertibilis</strong></span> <span class='ocrx_word' id='word_1_240' title='bbox 852 3485 949 3551; x_wconf 91' lang='lat' dir='ltr'><strong>animi</strong></span> <span class='ocrx_word' id='word_1_241' title='bbox 972 3488 1036 3569; x_wconf 91' lang='lat' dir='ltr'><strong>est,</strong></span> <span class='ocrx_word' id='word_1_242' title='bbox 1065 3485 1119 3571; x_wconf 91' lang='lat' dir='ltr'><strong>qui</strong></span> <span class='ocrx_word' id='word_1_243' title='bbox 1133 3505 1215 3553; x_wconf 53' lang='lat' dir='ltr'><strong>⁴con-</strong></span> 
     </span>
     <span class='ocr_line' id='line_1_29' title="bbox 51 3582 1331 3690; baseline 0.002 -24"><span class='ocrx_word' id='word_1_244' title='bbox 51 3602 147 3668; x_wconf 77' lang='lat' dir='ltr'><strong>suerit</strong></span> <span class='ocrx_word' id='word_1_245' title='bbox 167 3620 339 3690; x_wconf 85' lang='lat' dir='ltr'><strong>pravorum</strong></span> <span class='ocrx_word' id='word_1_246' title='bbox 367 3600 469 3684; x_wconf 79' lang='lat' dir='ltr'><strong>magis</strong></span> <span class='ocrx_word' id='word_1_247' title='bbox 498 3620 593 3686; x_wconf 89' lang='lat' dir='ltr'><strong>quem</strong></span> <span class='ocrx_word' id='word_1_248' title='bbox 614 3601 817 3687; x_wconf 88' lang='lat' dir='ltr'><strong>prudentium</strong></span> <span class='ocrx_word' id='word_1_249' title='bbox 846 3601 1043 3687; x_wconf 88' lang='lat' dir='ltr'><strong>acquiescere</strong></span> <span class='ocrx_word' id='word_1_250' title='bbox 1064 3602 1213 3669; x_wconf 88' lang='lat' dir='ltr'><strong>consiliis.</strong></span> <span class='ocrx_word' id='word_1_251' title='bbox 1326 3582 1331 3594; x_wconf 50' lang='lat'><em>⁶</em></span> 
     </span>
     <span class='ocr_line' id='line_1_30' title="bbox 52 3715 1215 3804; baseline 0.004 -22"><span class='ocrx_word' id='word_1_252' title='bbox 52 3715 112 3783; x_wconf 86' lang='lat' dir='ltr'><strong>Hoc</strong></span> <span class='ocrx_word' id='word_1_253' title='bbox 133 3722 183 3785; x_wconf 88' lang='lat' dir='ltr'><strong>est</strong></span> <span class='ocrx_word' id='word_1_254' title='bbox 204 3716 312 3800; x_wconf 84' lang='lat' dir='ltr'><strong>ignem</strong></span> <span class='ocrx_word' id='word_1_255' title='bbox 332 3716 367 3782; x_wconf 92' lang='lat' dir='ltr'><strong>in</strong></span> <span class='ocrx_word' id='word_1_256' title='bbox 390 3717 462 3783; x_wconf 90' lang='lat' dir='ltr'><strong>sinu</strong></span> <span class='ocrx_word' id='word_1_257' title='bbox 482 3716 661 3784; x_wconf 87' lang='lat' dir='ltr'><strong>recondere.</strong></span> <span class='ocrx_word' id='word_1_258' title='bbox 744 3716 889 3784; x_wconf 68' lang='lat' dir='ltr'><strong>Audiens</strong></span> <span class='ocrx_word' id='word_1_259' title='bbox 909 3737 1005 3803; x_wconf 87' lang='lat' dir='ltr'><strong>nunc,</strong></span> <span class='ocrx_word' id='word_1_260' title='bbox 1028 3738 1109 3804; x_wconf 90' lang='lat' dir='ltr'><strong>qnae</strong></span> <span class='ocrx_word' id='word_1_261' title='bbox 1129 3720 1215 3787; x_wconf 85' lang='lat' dir='ltr'><strong>mala</strong></span> 
     </span>
     <span class='ocr_line' id='line_1_31' title="bbox 53 3831 1145 3919; baseline 0 -18"><span class='ocrx_word' id='word_1_262' title='bbox 53 3834 134 3901; x_wconf 89' lang='lat' dir='ltr'><strong>nobis</strong></span> <span class='ocrx_word' id='word_1_263' title='bbox 154 3834 277 3918; x_wconf 73' lang='lat' dir='ltr'><strong>iecerit</strong></span> <span class='ocrx_word' id='word_1_264' title='bbox 299 3831 467 3917; x_wconf 74' lang='lat' dir='ltr'><strong>intelligite</strong></span> <span class='ocrx_word' id='word_1_265' title='bbox 488 3854 583 3918; x_wconf 84' lang='lat' dir='ltr'><strong>nunc,</strong></span> <span class='ocrx_word' id='word_1_266' title='bbox 606 3852 687 3919; x_wconf 92' lang='lat' dir='ltr'><strong>quae</strong></span> <span class='ocrx_word' id='word_1_267' title='bbox 708 3854 766 3900; x_wconf 90' lang='lat' dir='ltr'><strong>nos</strong></span> <span class='ocrx_word' id='word_1_268' title='bbox 790 3834 820 3901; x_wconf 86' lang='lat' dir='ltr'><strong>ci</strong></span> <span class='ocrx_word' id='word_1_269' title='bbox 841 3834 926 3902; x_wconf 89' lang='lat' dir='ltr'><strong>bona</strong></span> <span class='ocrx_word' id='word_1_270' title='bbox 946 3834 1145 3901; x_wconf 86' lang='lat' dir='ltr'><strong>contulimus.</strong></span> 
     </span>
    </p>

    <p class='ocr_par' dir='ltr' id='par_1_7' title="bbox 55 3948 1301 4253">
     <span class='ocr_line' id='line_1_32' title="bbox 131 3948 1274 4037; baseline 0 -19"><span class='ocrx_word' id='word_1_271' title='bbox 131 3950 249 4018; x_wconf 80' lang='lat' dir='ltr'><strong>Fuerat</strong></span> <span class='ocrx_word' id='word_1_272' title='bbox 269 3950 304 4016; x_wconf 93' lang='lat' dir='ltr'><strong>in</strong></span> <span class='ocrx_word' id='word_1_273' title='bbox 326 3948 476 4035; x_wconf 88' lang='lat' dir='ltr'><strong>obsequio</strong></span> <span class='ocrx_word' id='word_1_274' title='bbox 499 3970 555 4016; x_wconf 90' lang='lat' dir='ltr'><strong>suo</strong></span> <span class='ocrx_word' id='word_1_275' title='bbox 582 3950 704 4017; x_wconf 89' lang='lat' dir='ltr'><strong>iuuenis</strong></span> <span class='ocrx_word' id='word_1_276' title='bbox 732 3949 876 4035; x_wconf 87' lang='lat' dir='ltr'><strong>quidam,</strong></span> <span class='ocrx_word' id='word_1_277' title='bbox 905 3948 989 4017; x_wconf 88' lang='lat' dir='ltr'><strong>filius</strong></span> <span class='ocrx_word' id='word_1_278' title='bbox 1016 3951 1135 4033; x_wconf 37' lang='lat' dir='ltr'><strong>fratris,</strong></span> <span class='ocrx_word' id='word_1_279' title='bbox 1153 3952 1213 4037; x_wconf 76' lang='lat' dir='ltr'><strong>sui,</strong></span> <span class='ocrx_word' id='word_1_280' title='bbox 1270 3968 1274 3973; x_wconf 85' lang='grc'>’</span> 
     </span>
     <span class='ocr_line' id='line_1_33' title="bbox 55 4066 1301 4159; baseline -0.005 -24"><span class='ocrx_word' id='word_1_281' title='bbox 55 4066 170 4135; x_wconf 81' lang='lat' dir='ltr'><strong>nomme</strong></span> <span class='ocrx_word' id='word_1_282' title='bbox 192 4066 392 4152; x_wconf 82' lang='lat' dir='ltr'><strong>Guomadus,</strong></span> <span class='ocrx_word' id='word_1_283' title='bbox 422 4066 476 4152; x_wconf 92' lang='lat' dir='ltr'><strong>qui</strong></span> <span class='ocrx_word' id='word_1_284' title='bbox 504 4066 544 4133; x_wconf 88' lang='lat' dir='ltr'><strong>ad</strong></span> <span class='ocrx_word' id='word_1_285' title='bbox 572 4086 630 4134; x_wconf 91' lang='lat' dir='ltr'><strong>uos</strong></span> <span class='ocrx_word' id='word_1_286' title='bbox 657 4086 804 4134; x_wconf 85' lang='lat' dir='ltr'><strong>reversus</strong></span> <span class='ocrx_word' id='word_1_287' title='bbox 832 4072 895 4152; x_wconf 86' lang='lat' dir='ltr'><strong>est,</strong></span> <span class='ocrx_word' id='word_1_288' title='bbox 922 4067 1074 4159; x_wconf 91' lang='lat' dir='ltr'><strong>nondum</strong></span> <span class='ocrx_word' id='word_1_289' title='bbox 1089 4067 1213 4135; x_wconf 87' lang='lat' dir='ltr'><strong>deterso</strong></span> <span class='ocrx_word' id='word_1_290' title='bbox 1233 4074 1301 4130; x_wconf 76' lang='lat'>1147</span> 
     </span>
     <span class='ocr_line' id='line_1_34' title="bbox 56 4148 1292 4253; baseline 0.003 -5"><span class='ocrx_word' id='word_1_291' title='bbox 56 4183 158 4253; x_wconf 87' lang='lat' dir='ltr'><strong>sudore</strong></span> <span class='ocrx_word' id='word_1_292' title='bbox 179 4184 303 4251; x_wconf 88' lang='lat' dir='ltr'><strong>itineris</strong></span> <span class='ocrx_word' id='word_1_293' title='bbox 325 4182 468 4250; x_wconf 84' lang='lat' dir='ltr'><strong>Romani</strong></span> <span class='ocrx_word' id='word_1_294' title='bbox 514 4182 597 4250; x_wconf 88' lang='lat' dir='ltr'><strong>Eum</strong></span> <span class='ocrx_word' id='word_1_295' title='bbox 621 4204 680 4251; x_wconf 90' lang='lat' dir='ltr'><strong>nos</strong></span> <span class='ocrx_word' id='word_1_296' title='bbox 701 4203 766 4251; x_wconf 91' lang='lat' dir='ltr'><strong>non</strong></span> <span class='ocrx_word' id='word_1_297' title='bbox 788 4182 890 4251; x_wconf 89' lang='lat' dir='ltr'><strong>selum</strong></span> <span class='ocrx_word' id='word_1_298' title='bbox 912 4184 1081 4252; x_wconf 89' lang='lat' dir='ltr'><strong>clementer</strong></span> <span class='ocrx_word' id='word_1_299' title='bbox 1104 4204 1212 4252; x_wconf 87' lang='lat' dir='ltr'><strong>verum</strong></span> <span class='ocrx_word' id='word_1_300' title='bbox 1245 4148 1292 4197; x_wconf 63' lang='lat'><strong>¹⁸¹¹*</strong></span> 
     </span>
    </p>
   </div>
   <div class='ocr_carea' id='block_1_4' title="bbox 118 4306 578 4393">
    <p class='ocr_par' dir='ltr' id='par_1_8' title="bbox 118 4306 578 4393">
     <span class='ocr_line' id='line_1_35' title="bbox 118 4306 578 4393; baseline -0.007 -10"><span class='ocrx_word' id='word_1_301' title='bbox 118 4348 138 4383; x_wconf 85' lang='lat' dir='ltr'><strong>r.</strong></span> <span class='ocrx_word' id='word_1_302' title='bbox 157 4334 301 4384; x_wconf 78' lang='lat' dir='ltr'><strong>mcesasbaut</strong></span> <span class='ocrx_word' id='word_1_303' title='bbox 317 4354 336 4382; x_wconf 81' lang='lat' dir='ltr'><strong>c.</strong></span> <span class='ocrx_word' id='word_1_304' title='bbox 398 4334 420 4381; x_wconf 92' lang='lat' dir='ltr'><strong>b.</strong></span> <span class='ocrx_word' id='word_1_305' title='bbox 436 4334 479 4393; x_wconf 76' lang='lat' dir='ltr'><strong>gis</strong></span> <span class='ocrx_word' id='word_1_306' title='bbox 495 4352 515 4381; x_wconf 82' lang='lat' dir='ltr'><strong>c.</strong></span> <span class='ocrx_word' id='word_1_307' title='bbox 575 4306 578 4321; x_wconf 47' lang='grc' dir='ltr'>Ι</span> 
     </span>
    </p>
   </div>
   <div class='ocr_carea' id='block_1_5' title="bbox 117 4428 1135 4506">
    <p class='ocr_par' dir='ltr' id='par_1_9' title="bbox 117 4428 1135 4506">
     <span class='ocr_line' id='line_1_36' title="bbox 117 4428 1135 4506; baseline 0.001 -20"><span class='ocrx_word' id='word_1_308' title='bbox 117 4433 142 4487; x_wconf 92' lang='grc'><strong>1.</strong></span> <span class='ocrx_word' id='word_1_309' title='bbox 158 4431 194 4487; x_wconf 90' lang='lat' dir='ltr'><strong>V.</strong></span> <span class='ocrx_word' id='word_1_310' title='bbox 212 4446 258 4503; x_wconf 89' lang='lat' dir='ltr'><strong>ep.</strong></span> <span class='ocrx_word' id='word_1_311' title='bbox 269 4431 322 4487; x_wconf 77' lang='lat'><strong>126</strong></span> <span class='ocrx_word' id='word_1_312' title='bbox 339 4444 423 4502; x_wconf 86' lang='lat' dir='ltr'><strong>supra</strong></span> <span class='ocrx_word' id='word_1_313' title='bbox 439 4446 467 4502; x_wconf 90' lang='lat' dir='ltr'><strong>p.</strong></span> <span class='ocrx_word' id='word_1_314' title='bbox 482 4430 535 4487; x_wconf 79' lang='lat'><strong>200</strong></span> <span class='ocrx_word' id='word_1_315' title='bbox 546 4444 587 4503; x_wconf 83' lang='lat' dir='ltr'><strong>sq.</strong></span> <span class='ocrx_word' id='word_1_316' title='bbox 659 4432 685 4488; x_wconf 76' lang='lat'><strong>2.</strong></span> <span class='ocrx_word' id='word_1_317' title='bbox 706 4430 741 4488; x_wconf 89' lang='lat' dir='ltr'><strong>V.</strong></span> <span class='ocrx_word' id='word_1_318' title='bbox 758 4444 803 4503; x_wconf 87' lang='lat' dir='ltr'><strong>ep.</strong></span> <span class='ocrx_word' id='word_1_319' title='bbox 817 4428 869 4487; x_wconf 76' lang='lat'><strong>149</strong></span> <span class='ocrx_word' id='word_1_320' title='bbox 886 4444 972 4502; x_wconf 88' lang='lat' dir='ltr'><strong>supra</strong></span> <span class='ocrx_word' id='word_1_321' title='bbox 987 4444 1015 4502; x_wconf 89' lang='lat' dir='ltr'><strong>p.</strong></span> <span class='ocrx_word' id='word_1_322' title='bbox 1027 4428 1135 4506; x_wconf 67' lang='lat' dir='ltr'><strong>iwan.</strong></span> 
     </span>
    </p>
   </div>
   <div class='ocr_carea' id='block_1_6' title="bbox 0 0 1565 4859">
    <p class='ocr_par' dir='ltr' id='par_1_10' title="bbox 0 0 1565 4859">
     <span class='ocr_line' id='line_1_37' title="bbox 0 0 1565 4859; baseline 0 0"><span class='ocrx_word' id='word_1_323' title='bbox 0 0 1565 4859; x_wconf 95' lang='lat' dir='ltr'><strong> </strong></span> 
     </span>
    </p>
   </div>
  </div>
 </body>
</html>
