3117 4859
345 209 413 279 424
679 226 829 275 wrernm
849 224 1037 275 semrom
1055 223 1180 273 meac

235 428 236 433 ,
258 374 328 433 1150
434 368 568 439 llittetis
590 369 680 438 nobis
701 389 759 457 per
772 372 953 456 presentem
967 388 1101 456 puerum
1114 374 1259 437 nostrum
1272 366 1425 437 cindalia¹
1437 388 1500 439 eu·

346 488 429 573 dido,
452 491 489 554 ut
509 486 637 555 mittere
659 485 874 574 disposuistis3
899 506 1073 574 quaecum
1094 506 1277 571 rogaremus
1292 507 1359 553 non
1374 486 1501 573 dedistis,

345 623 416 671 curn
439 624 504 672 non
525 608 702 691 peteremus
717 603 885 670 obtulistis.
920 601 1158 671 Liberalitatem
1170 609 1311 671 raabam
1325 608 1361 670 et
1377 604 1503 671 studium

345 722 445 789 senuit
467 725 568 789 status
592 719 787 787 Stabulensis
810 718 976 805 teulerias,
1005 720 1105 787 remit
1125 740 1210 808 penu
1231 725 1396 804 nostrum,
1417 720 1504 788 seudt

345 856 456 907 mensa
477 842 595 923 nostra,
618 837 718 905 sensit
738 837 958 924 marsuppium
979 843 1134 923 nostrum,
1155 838 1255 905 sensit
1276 836 1439 905 stabulum
1455 856 1507 904 nc·

346 960 457 1023 strum
492 954 548 1022 Set
574 958 611 1021 ut
639 953 761 1042 capella
789 958 899 1021 nostra
919 974 1041 1040 pauper
1068 957 1100 1020 et
1120 954 1245 1021 modica
1265 954 1403 1021 sentiret
1422 952 1507 1038 largi

346 1076 445 1139 tatem
461 1069 710 1139 munificentiam
727 1076 759 1137 et
772 1070 995 1137 liberalitatem
1008 1074 1157 1156 restam,
1180 1090 1281 1155 neque
1296 1069 1407 1137 Gallia
1418 1090 1508 1156 neque

347 1186 517 1257 Germania
542 1209 644 1274 neque
672 1192 740 1254 tota
762 1185 876 1275 Grecia
896 1207 999 1274 neque
1027 1186 1140 1254 Oriens
1162 1186 1311 1254 adiuvare
1333 1194 1506 1275 potueruut

345 1305 411 1373 Nos
432 1310 539 1372 tamen
561 1304 644 1389 grati
672 1308 704 1372 et
729 1324 885 1373 memores
913 1325 1021 1372 sumus
1043 1309 1090 1390 et,
1118 1302 1158 1371 ab
1180 1303 1266 1371 omni
1287 1304 1508 1389 ingratitudine

345 1422 439 1490 rebus
463 1425 495 1489 et
516 1421 621 1488 auimo
645 1421 756 1506 alieni,
779 1421 918 1509 plurima
938 1442 997 1489 nos
1019 1420 1194 1509 accepisse,
1223 1424 1256 1489 et
1277 1426 1333 1488 aut
1356 1420 1448 1487 nulla
1465 1418 1508 1486 vd

345 1558 447 1627 pauca
459 1538 643 1606 retribuisse
658 1539 885 1624 cognoscimus.
969 1538 1003 1605 Si
1020 1537 1126 1625 aliqua
1139 1538 1290 1605 innovata
1303 1542 1383 1605 sunt
1396 1538 1433 1604 in
1444 1556 1508 1604 cca·

346 1657 417 1725 silio
440 1656 559 1725 domini
580 1651 699 1724 nostri¹
712 1659 788 1743 post
800 1674 959 1723 recessum
978 1660 1132 1741 nostrum,
1154 1654 1245 1723 nobis
1259 1652 1507 1739 dgnificarencu

345 1794 529 1860 gravemrnr.

348 1984 436 2056 296.
459 1989 619 2055 Corra-adas
633 1988 689 2055 ΙΠ
704 2011 761 2055 rec
775 1984 956 2053 Hateriano
979 2010 1156 2075 episcopam
1170 1987 1368 2053 Mindarum
1389 1990 1429 2055 de
1438 2010 1508 2075 pecs

456 2128 526 2171 mam
547 2104 688 2171 Wtaldo
703 2106 782 2171 irrita
797 2104 907 2169 laudm
928 2114 958 2169 et
979 2127 1000 2168 α
1016 2106 1175 2173 vocatae
1197 2098 1333 2170 theat
1358 2101 1506 2185 (Mil.)

236 2244 308 2303 1150
435 2236 623 2321 (benardus)
646 2238 707 2304 Dei
734 2238 837 2323 gratia
857 2236 1071 2305 Romanorum
1097 2257 1155 2304 rex
1182 2237 1360 2321 H(einrico)
1389 2256 1508 2305 verrere⁸

208 2319 328 2383 “sm
344 2355 402 2424 bili
424 2355 582 2423 liindensi
605 2356 752 2443 episcopo
775 2355 911 2439 gratiam
933 2374 1025 2421 suam
1046 2360 1078 2421 et
1100 2373 1193 2422 omne
1215 2355 1342 2422 bonnm.

435 2472 560 2539 Gratias
581 2476 708 2539 nostrae
730 2470 965 2538 mansuetudini
987 2472 1052 2556 egit
1072 2468 1174 2537 fidelis
1194 2476 1301 2537 noster
1316 2470 1505 2540 Gcrbmensis

346 2589 443 2658 abbas
464 2594 532 2655 tarn
553 2609 611 2677 per
633 2588 756 2655 litteras
779 2608 874 2675 quam
895 2610 954 2676 per
972 2588 1103 2655 nmcios
1124 2607 1208 2672 suos,
1232 2588 1316 2674 quod
1331 2588 1376 2656 ob
1391 2594 1506 2657 nostrae

345 2706 522 2775 dilectionis
545 2710 578 2773 et
599 2706 741 2773 mandati
761 2706 971 2772 reverentiam
994 2724 1119 2772 omnem
1140 2704 1401 2792 commotionem,
1424 2722 1505 2791 quau

346 2824 497 2891 adversus
519 2842 592 2889 eum
614 2826 646 2891 et
669 2821 853 2889 aecclesiam
869 2821 970 2909 ipsius
990 2822 1157 2907 habueras,
1179 2821 1341 2908 remisisti,
1358 2829 1395 2891 et
1408 2840 1506 2889 mons-

346 2940 420 3008 chus
443 2939 559 3027 ipsius,
583 2958 661 3025 quos
683 2937 717 3005 in
740 2938 957 3007 Kaminatensi
980 2938 1132 3006 aecclesia
1153 2938 1366 3025 ordinaverat,
1390 2941 1425 3007 in
1444 2958 1506 3024 gra·

346 3057 425 3123 tiam
454 3059 486 3123 et
512 3075 623 3143 pacem
650 3060 801 3142 tanquam
829 3056 901 3143 pins
927 3060 1021 3143 pater
1048 3060 1080 3123 et
1105 3055 1204 3123 bonus
1233 3060 1343 3143 pastor
1369 3055 1505 3143 recepisti

347 3176 388 3256 et,
411 3172 451 3239 de
473 3176 577 3240 cetero
600 3177 631 3239 te
654 3173 740 3259 ipsos
761 3170 843 3240 velle
865 3172 1031 3239 contovere
1053 3177 1086 3239 et
1102 3172 1256 3240 canonica
1268 3173 1398 3240 iusticia
1410 3172 1505 3241 datm

347 3308 428 3373 sare,
450 3286 583 3355 firmiter
605 3290 789 3376 promisisti.
823 3289 913 3368 Quod
932 3288 1008 3356 licet
1028 3289 1184 3357 morosius
1203 3294 1235 3357 et
1248 3290 1350 3357 serius
1365 3289 1503 3371 effectus,

347 3424 443 3491 quam
464 3410 538 3472 tuae
561 3404 734 3473 industriae
756 3407 933 3473 iniunctum
953 3406 1064 3491 fuerit,
1086 3410 1194 3473 tamen
1215 3412 1400 3494 pergratum
1422 3406 1504 3473 habe·

346 3542 427 3588 rnus.
462 3520 505 3588 Et
528 3523 740 3609 experientiae
763 3529 837 3592 tuae
860 3543 1058 3611 summopere
1079 3523 1289 3608 iniungimus,
1317 3529 1354 3591 ut
1383 3523 1502 3593 eunden

348 3638 493 3706 abbatem
514 3638 648 3706 honores
672 3646 704 3707 et
726 3640 850 3726 diligas,
873 3646 905 3708 et
926 3641 961 3707 in
977 3639 1063 3706 omni
1080 3640 1293 3727 oportunitate
1315 3660 1375 3707 sua
1396 3637 1502 3709 tantm

287 3842 288 3845 Ἴ
347 3754 565 3822 Kaminatensi
588 3755 738 3824 aeeclesia
761 3778 856 3843 quam
879 3757 917 3824 de
933 3756 1003 3824 aliis
1019 3757 1113 3825 rebus
1129 3756 1294 3824 consilium
1316 3758 1347 3824 ei
1370 3763 1403 3825 et
1424 3773 1502 3844 opem

212 3922 229 3939 .,
346 3872 446 3956 ieras,
476 3877 508 3939 ct
529 3873 678 3961 precipue
700 3879 812 3942 contra
833 3874 1034 3942 Thidericum
1061 3874 1102 3941 de
1123 3873 1306 3960 Rilrelinga,
1334 3875 1406 3961 qui,
1426 3876 1501 3961 post·

345 3990 450 4076 posito
472 3988 533 4055 Dei
555 3989 668 4057 timore
692 3995 724 4057 et
744 3996 854 4057 nostra
876 4011 914 4058 ac
933 3992 1025 4076 regni
1046 3991 1239 4076 reverentia,
1261 3990 1436 4077 predictum
1455 3988 1500 4055 ab

346 4104 451 4172 batem
474 4112 507 4173 et
528 4105 712 4175 aecclesiam
734 4126 824 4173 suam
846 4107 1032 4194 perturbare
1053 4113 1086 4176 et
1104 4108 1255 4176 infestare
1268 4108 1431 4196 presumit
1460 4102 1500 4171 Ob

418 4263 443 4317 1.
455 4264 681 4332 pannosaericos.
735 4266 761 4320 2.
775 4264 985 4338 Gomadiregis.
1038 4266 1309 4337 ananeepiatolan
1318 4265 1496 4334 Nummius

347 4348 412 4406 cire.
427 4350 473 4408 die
491 4354 508 4409 8
526 4352 602 4425 Sept.
620 4354 750 4425 scripturn
768 4369 838 4427 esse,
857 4370 893 4411 ex
910 4371 954 4429 ep.
967 4357 1021 4414 278
1037 4372 1121 4427 supra
1137 4372 1165 4427 p.
1177 4355 1233 4415 405
1248 4357 1308 4414 veri
1325 4354 1415 4415 unde
1429 4356 1473 4414 ed·
