3117 4859
323 253 389 322 558
700 276 850 324 wmnrms
869 275 1034 326 memnona
1052 275 1107 324 421.

201 420 271 477 115³
322 435 383 500 que
404 415 519 482 dicitur
540 413 665 502 Facias,
688 438 788 504 nsque
810 418 851 486 ad
871 415 1001 484 fluvium
1023 419 1077 504 qui
1098 419 1214 486 dicitnr
1227 417 1364 487 wisara
1403 417 1491 504 Opus

156 493 395 598 maisin'voro
422 531 566 605 musas
592 534 671 602 iuna
693 534 845 604 vosone
872 534 1032 621 pontus,
1059 539 1092 602 a
1118 535 1224 604 onor
1251 532 1493 603 muneram

322 647 443 716 edituos
471 649 655 738 appellavit,
684 671 745 737 quo
772 651 899 718 nomine
920 653 1026 719 vocari
1052 651 1154 720 solent
1179 652 1328 720 monaehi
1347 651 1495 735 religiosi

320 763 431 852 templi
445 765 506 833 Dei
528 772 561 834 ct
582 787 743 835 sacrorum
765 768 919 836 custodes.
949 768 1030 836 cum
1043 768 1149 855 itaque
1162 769 1280 836 malum
1293 769 1357 836 boc
1370 768 1495 835 nostris

320 881 514 968 tempon’bus
541 885 692 971 pestifera
717 885 892 972 propagine
916 907 1015 972 nsque
1037 887 1115 953 adeo
1136 892 1220 954 esest
1239 886 1432 968 dilatatum,
1459 892 1497 950 nt

311 1017 384 1086 non
412 998 514 1067 solnm
541 1001 625 1069 inter
646 1000 761 1068 Fames
789 1005 821 1068 et
842 1000 1014 1088 wiseram,
1042 1008 1091 1070 set
1112 1004 1207 1071 etiam
1234 1021 1497 1088 quaquaversus

321 1114 452 1183 circuire
479 1121 627 1203 poterant
648 1115 727 1184 tales
750 1117 895 1185 custodes
917 1120 994 1205 quin
1015 1121 1120 1208 potins
1141 1119 1315 1206 iniquitatis
1337 1138 1498 1205 procem-

320 1235 419 1316 tores,
445 1232 583 1300 famulos
609 1234 778 1302 aecclesiae
800 1240 952 1302 vexarent
979 1235 1056 1302 diris
1084 1235 1312 1319 exactionibus,
1340 1235 1498 1302 videlicet

319 1347 523 1435 hospitando,
551 1351 708 1438 precando
731 1355 763 1418 et
784 1350 976 1419 substantias
999 1373 1122 1439 eorum,
1151 1353 1271 1438 siquis
1291 1371 1437 1418 uxorem
1457 1352 1498 1418 ds

320 1464 442 1532 familia
463 1467 632 1535 aecclesiae
645 1487 710 1534 non
726 1467 899 1553 habuisset,
920 1469 1100 1557 passioneo,
1122 1467 1355 1553 affligebantur·
1378 1474 1417 1534 et
1431 1467 1497 1534 cla-

321 1587 486 1650 maverunt
515 1583 555 1651 ad
582 1583 753 1653 Dominum
782 1607 856 1654 oum
881 1585 1121 1671 tribularentur,
1152 1591 1185 1654 et
1211 1590 1284 1673 post
1309 1584 1437 1652 multas
1463 1590 1496 1650 et

321 1698 430 1784 longos
458 1699 499 1766 sd
525 1699 688 1768 ecclesiam
715 1707 748 1770 et
775 1703 817 1770 sd
837 1723 895 1770 nos
917 1704 1154 1772 vociferationes
1182 1702 1221 1768 de
1247 1701 1495 1768 necessitanbus

322 1835 431 1882 eorum
453 1815 569 1902 eripuit
591 1837 644 1884 eos
666 1824 808 1907 tempore
829 1819 896 1904 illo,
918 1839 990 1886 oum
1008 1818 1135 1886 inclitus
1149 1817 1294 1885 dominns
1307 1821 1425 1884 nomer
1437 1838 1495 1886 rex

321 1930 498 2000 Fridcricus
513 1933 706 2020 Aquisgrani
720 1942 898 2003 moraretur
906 1931 923 2001 ¹.
952 1935 996 2002 Et
1009 1941 1075 2002 tam
1091 1940 1199 2002 nostro
1215 1954 1309 2020 quam
1322 1934 1494 2001 hominnm

321 2047 447 2115 iliorum
469 2050 615 2137 clamore,
639 2054 693 2138 qui
715 2053 756 2119 ad
778 2053 899 2120 cunam
919 2051 1019 2139 ipsius
1041 2052 1165 2119 circiter
1181 2050 1307 2117 docenti
1320 2071 1494 2119 concurre

321 2171 409 2250 rant,
438 2165 619 2252 miseratus,
648 2168 785 2254 quesivit
812 2169 832 2236 i
859 2168 995 2256 quodam
1021 2166 1119 2235 nobili
1139 2168 1208 2234 viro
1233 2166 1425 2236 Mmcnardo
1453 2169 1492 2236 de

322 2279 500 2350 Grumbech
529 2285 717 2352 sententiam
743 2285 868 2352 iudicii:
896 2289 1003 2352 utrum
1030 2284 1143 2371 aliquis
1170 2284 1266 2352 abbas
1292 2287 1404 2371 posset
1426 2284 1493 2350 eoi·

322 2419 417 2485 quam
443 2398 523 2466 laico
552 2401 586 2466 in
613 2399 799 2468 beneficium
826 2408 970 2489 prestare
995 2421 1125 2469 censum
1145 2401 1213 2468 sive
1233 2401 1298 2468 alia
1316 2400 1493 2468 raciocinis

320 2515 493 2600 hominum,
520 2516 574 2602 qni
596 2517 638 2585 ad
659 2515 758 2584 altare
779 2519 849 2585 ime
870 2519 1079 2607 proprietario
1100 2517 1269 2604 pertinent,
1291 2516 1331 2583 de
1353 2537 1491 2602 quornm

321 2633 524 2720 pensionibus
556 2634 726 2701 luminaria
752 2634 864 2722 templi
890 2641 923 2702 et
947 2639 1032 2702 tecta
1058 2637 1275 2721 procurantur.
1325 2631 1493 2700 &mensa

321 2749 429 2836 itaque
451 2749 559 2817 domni
572 2748 768 2818 boloniensis
791 2751 1017 2840 archiepiscopi
1031 2749 1165 2818 Amoldi
1185 2749 1316 2818 secundi
1334 2754 1368 2817 et
1380 2750 1492 2818 domni

322 2863 505 2934 Leodiensis
531 2867 671 2955 episcopi
693 2867 835 2936 Heinrici
855 2869 985 2936 secundi
1007 2874 1039 2936 et
1060 2866 1169 2935 domni
1189 2866 1334 2934 Anselmi
1355 2866 1493 2935 Hercle·

322 2981 483 3067 bergensis
505 2983 645 3072 episcopi
662 2988 693 3051 et
708 2985 859 3070 omnium,
882 2985 937 3072 qui
959 2991 1121 3072 presentes
1143 2984 1289 3068 aderant,
1314 2983 1492 3051 iudicatum

323 3104 385 3166 est:
412 3121 451 3168 ex
473 3100 551 3168 iuris
573 3101 695 3168 ratione
717 3121 782 3169 non
798 3121 891 3190 posse
904 3099 984 3185 fieri,
1007 3105 1040 3167 et
1060 3101 1095 3167 in
1115 3101 1242 3167 irritum
1263 3099 1379 3167 debere
1397 3121 1491 3168 reeo-

322 3215 397 3283 cari.
426 3215 516 3295 Quod
537 3221 570 3283 et
590 3216 666 3284 fecit
686 3218 849 3305 piissimus
863 3237 921 3286 rex
935 3222 1045 3285 nostm
1057 3237 1150 3305 prece
1163 3215 1394 3303 interpellatus,
1416 3216 1493 3284 licet

323 3336 478 3419 quartem
502 3332 590 3400 febre
616 3337 692 3402 tnnc
717 3334 891 3418 laboraret3
906 3335 954 3401 'et
977 3333 1057 3400 tales
1079 3333 1224 3401 custodes
1245 3331 1492 3420 inperpetuum

323 3447 442 3516 aboleri
463 3449 610 3518 decrevit
700 3451 775 3518 Inde
798 3471 871 3520 enm
892 3451 933 3518 sd
953 3451 1082 3518 domum
1103 3454 1260 3534 nostmm,
1281 3468 1365 3535 qnae
1386 3455 1438 3516 est
1457 3449 1492 3518 ia

323 3565 432 3634 codem
455 3567 587 3654 oppido,
612 3567 779 3635 fuissemus
801 3567 951 3653 regressi,
972 3567 1120 3634 convenit
1140 3566 1242 3634 omnis
1264 3565 1437 3634 multitudo
1457 3567 1492 3634 ir

322 3682 476 3771 capellam
502 3688 658 3770 noemam,
687 3690 720 3752 et
745 3706 854 3753 onmes
875 3684 965 3752 iussn
985 3688 1093 3752 nostro
1114 3681 1297 3750 fidelitatem
1320 3681 1491 3750 aecciemae

323 3803 356 3866 et
376 3799 478 3885 nobis,
500 3801 593 3867 tectis
610 3801 818 3868 sacrosanctis
832 3801 985 3887 reliqniis,
1004 3800 1197 3868 iuraverunt.
1227 3798 1291 3867 Per
1303 3819 1402 3886 qnam
1415 3820 1491 3867 mox

323 3916 460 3984 adiurati
488 3922 520 3984 et
547 3917 712 3985 ammoniti
738 3918 901 4003 dixerunt,
928 3916 989 3984 boo
1015 3916 1065 3984 sui
1092 3916 1169 3984 iuris
1197 3936 1283 3984 esse:
1310 3922 1349 3983 ut
1369 3917 1489 3985 nemini

322 4031 565 4121 hospitationem
591 4033 643 4102 vel
669 4035 882 4121 precationem
908 4033 1043 4102 debeant
1067 4033 1118 4100 vel
1144 4032 1308 4116 exolvent3
1335 4039 1387 4100 set
1411 4052 1489 4101 una·

324 4169 465 4236 quaeque
498 4151 641 4235 cognatio
675 4171 731 4218 seu
757 4150 921 4238 parentela
948 4151 1112 4238 proprium
1138 4151 1338 4220 oemnmum
1363 4149 1488 4234 hebeat,

396 4321 416 4357 ι
438 4309 568 4370 affligebant
583 4312 634 4358 cod.

395 4396 420 4451 1.
439 4395 640 4470 c.Aug.1153,
657 4401 689 4454 nt
706 4395 824 4454 videtur.
