3117 4859
406 272 556 321 ursum
576 271 763 323 nemnem
784 272 838 319 ιιι.
855 272 909 321 us.
1175 254 1242 323 123

79 410 161 481 141.
178 412 337 481 Vectem
363 414 656 483 Limordemibre
682 418 851 508 epoptas,
883 418 940 504 qni
967 438 1073 483 eonem
1099 417 1243 483 ecelesiae

175 531 375 617 prooem
389 554 411 597 a
424 556 489 597 rese
502 534 641 599 normam
654 535 848 620 recepissem,
866 556 918 599 eor
934 533 1096 599 Corbeiem
1109 534 1145 597 ire
1160 534 1242 598 diem

180 647 213 713 2.
228 646 319 713 Febr.
344 671 373 713 a.
390 648 478 715 1149
500 660 639 715 eneentm
662 672 733 716 esee.
1083 645 1241 729 (11123.)

156 776 346 862 Wsrbaidus)
368 778 430 848 Dei
456 782 561 865 gratia
582 780 780 849 corbeiensis
809 780 906 849 abbas
928 781 1074 848 omnibus
1096 778 1240 848 fidelibus
1259 784 1330 842 1148

72 892 267 979 ebrietinmm
296 896 350 982 qui
372 902 447 963 sunt
467 897 502 963 in
524 897 692 984 parrochia
712 896 881 965 Lienward
888 892 907 983 ¹,
935 897 1070 964 satutem
1092 904 1125 964 et
1146 898 1241 964 bone·

72 1009 248 1079 dictionem.
1303 1096 1306 1109 Ι

156 1126 277 1195 Notum
298 1128 431 1195 tacimus
453 1128 559 1214 robis,
582 1129 666 1215 qnod
687 1128 793 1197 nullus
814 1128 941 1196 illorum
963 1134 1107 1215 quatuor,
1131 1131 1186 1217 qui
1206 1131 1241 1196 in

71 1242 222 1310 aeeclesia
242 1249 349 1311 vostre
369 1244 546 1332 prebendas
567 1245 694 1331 hebent,
718 1245 759 1312 ad
780 1267 839 1313 nos
862 1244 964 1313 adhue
980 1246 1068 1313 venit
1088 1266 1147 1313 neo
1167 1266 1242 1334 pos-

4 1442 5 1445 *
69 1361 242 1427 sessionem
259 1359 428 1429 nemlesieo
442 1368 570 1429 nostrae
586 1361 709 1429 anobis
726 1362 856 1449 aceepit,
880 1382 953 1430 eum
968 1382 1026 1430 nos
1040 1362 1106 1429 iarn
1120 1361 1241 1430 duobus

70 1476 158 1543 mnis
188 1476 348 1545 abbatiam
371 1476 592 1547 corbeiensem
617 1474 838 1546 tenuerimus'.
885 1478 1018 1567 Insuper
1039 1498 1079 1546 ex
1100 1480 1242 1566 ipsorum

4 1622 5 1625 ¹
69 1592 261 1677 negligentia
282 1593 372 1661 nobis
394 1594 484 1662 labor
506 1601 538 1661 et
560 1595 785 1662 detrimentum
808 1595 923 1662 aendit
943 1615 1003 1682 pro
1017 1614 1065 1679 eo,
1089 1596 1172 1681 quod
1186 1595 1242 1661 do·

68 1728 143 1775 num
167 1708 279 1777 altaris
300 1729 364 1777 non
387 1717 590 1798 aeoepemnt:
613 1732 672 1799 pro
695 1732 758 1798 qua
778 1732 815 1778 re
835 1716 904 1778 totu
919 1710 1070 1779 aeoolosia
1082 1716 1193 1778 nostra
1206 1712 1242 1777 in

4 1896 5 1901 ,
68 1826 114 1891 ins
137 1832 171 1892 et
194 1831 385 1913 potestatem
407 1823 564 1915 episeopi'
588 1828 767 1895 adiudicatus
788 1828 858 1893 fuit
891 1826 947 1894 Set
966 1847 1025 1914 per
1039 1826 1099 1894 Dei
1118 1828 1242 1895 miseri·

4 1950 5 2039 }
68 1941 210 2009 sordium
238 1948 270 2009 et
298 1944 398 2030 ipsius
427 1945 568 2031 episeopi
593 1945 728 2029 gratim
750 1962 823 2011 oum
844 1944 1025 2028 integritate
1047 1944 1241 2030 aeeelesiem

68 2058 148 2125 nont
170 2059 262 2146 prius
285 2058 504 2146 habueramus,
527 2079 612 2128 nuno
632 2062 819 2148 reoepimus.
864 2060 909 2127 Et
929 2060 994 2127 illis
1016 2065 1160 2147 quatuor,
1186 2060 1242 2147 qui

4 2212 5 2219 κ
68 2174 254 2243 moolesimn
275 2180 399 2262 tonent,
426 2176 511 2244 diem
532 2177 690 2264 ponimus,
712 2181 749 2243 nt
769 2178 805 2243 in
825 2178 973 2264 proximo
992 2177 1073 2244 festo
1094 2176 1242 2265 pmifioa·

4 2350 5 2365 .
67 2292 162 2359 tionis
187 2296 316 2359 emotae
330 2289 467 2360 Mariae*
487 2294 681 2381 presentiam
705 2314 796 2361 suem
810 2293 902 2361 nobis
916 2292 1048 2362 cnrbeie
1062 2292 1241 2379 exhibeant,

67 2409 227 2477 ostensuri
254 2409 361 2494 nobis,
390 2430 485 2495 quam
507 2410 668 2477 iustieiam
689 2411 724 2479 in
744 2415 856 2477 nostra
875 2410 1074 2497 possessione
1095 2410 1239 2478 babeant

67 2522 154 2603 Quod
178 2525 208 2592 si
229 2531 306 2593 tune
327 2545 392 2593 non
405 2526 560 2612 venerint,
583 2528 685 2593 soient
706 2546 764 2614 pro
786 2531 882 2611 eerto,
906 2526 990 2613 quod
1008 2546 1067 2595 nos
1081 2527 1241 2595 iustioiom

4 2718 6 2730 Ι
67 2647 210 2709 uernam
231 2662 331 2729 usqne
354 2642 395 2711 od
417 2648 593 2711 extremum
614 2662 841 2731 prosequemur
862 2662 922 2711 neo
942 2644 989 2711 eis
1011 2644 1180 2731 quiequam
1201 2643 1241 2710 de

67 2758 133 2825 iure
154 2764 267 2827 nostro
291 2760 498 2828 remittemus.

71 3004 155 3077 142.
180 3010 345 3076 'Reboldae
361 3012 559 3098 praepositae
574 3010 608 3076 S.
623 3008 763 3076 Severini
779 3010 967 3076 0010πίαωὺ
977 3007 1153 3077 Wibnidnm
1167 3010 1240 3076 ber-

178 3136 276 3208 tutar,
304 3150 384 3215 qaae
405 3126 464 3191 eibi
486 3126 524 3192 de
545 3124 670 3192 Iudebo
692 3127 847 3193 abbatim
870 3126 1035 3194 Geseirenei
1050 3129 1239 3214 promiserit,

177 3252 214 3307 nt
235 3264 274 3308 ea
295 3253 400 3307 semet.
1082 3240 1239 3325 (11124.)

155 3373 339 3442 Venerabili
366 3374 458 3441 fratri
486 3379 517 3441 et
544 3373 644 3441 amieo
667 3372 813 3443 Wibaldo
835 3374 1017 3442 Corbeiensi
1040 3376 1147 3443 abbati
1169 3376 1329 3446 Tio-1148

68 3488 179 3557 baldus
195 3488 257 3558 Dei
279 3490 383 3575 gratia
404 3492 433 3558 si
456 3490 531 3577 quid
554 3497 612 3576 est7
635 3510 708 3557 oum
726 3491 854 3558 seruitio
869 3492 1015 3558 intimem
1031 3491 1239 3559 dilectionem.

153 3606 326 3675 Exhibitae
355 3606 530 3674 dilectionis
553 3612 677 3675 vestrae
704 3607 889 3673 memoriam
915 3627 979 3674 non
1002 3608 1179 3691 amisimus3
1209 3614 1242 3675 et

69 3724 213 3809 quamvis
236 3724 356 3809 gratias
379 3724 462 3790 siout
476 3725 581 3792 deenit
594 3724 726 3792 minime
742 3724 909 3810 egerimus,
931 3728 1038 3791 tamen
1052 3724 1169 3809 ingrati
1183 3742 1241 3791 nee

69 3839 186 3907 inimus
208 3860 268 3907 nee
288 3860 439 3927 umquam
462 3842 589 3908 erimus.
624 3840 730 3925 Novit,
754 3841 879 3908 domine
898 3841 954 3926 mi,
977 3840 1103 3908 dileetio
1125 3847 1240 3926 uestro,

70 3956 160 4025 ualde
189 3956 337 4023 indecens
366 3956 457 4025 nobis
484 3957 568 4042 fore,
598 3957 697 4044 quod,
729 3976 802 4024 oum
831 3952 1007 4026 abbatissa‘
1031 3958 1070 4024 de
1092 3951 1241 4025 lbeseke⁸

68 4150 76 4171 .
137 4116 165 4171 1.
185 4114 372 4173 Ieeuwerden
390 4115 419 4170 in
431 4115 527 4171 Frenis
538 4114 712 4173 occidentali.
765 4117 793 4171 2.
811 4114 1055 4171 Wibaldusebbrs
1067 4113 1241 4173 corbeiensis

70 4200 114 4260 die
126 4202 235 4260 20001.
249 4203 318 4259 1146
331 4202 436 4260 electus
448 4208 500 4260 est.
527 4204 570 4259 Ex
588 4220 643 4275 quo
661 4204 717 4261 duo
734 4204 801 4261 anni
817 4204 984 4260 transierunt
1000 4203 1027 4259 (1
1041 4204 1077 4260 20
1087 4202 1148 4260 Oet.
1161 4204 1239 4260 1148.

71 4290 95 4347 θ.
117 4292 261 4349 Hertbertt
285 4292 408 4363 episcopi
430 4294 626 4350 irnieotensis.
714 4294 740 4350 4.
766 4294 835 4350 1149
857 4294 939 4350 Febr.
956 4294 983 4348 2.
1072 4293 1098 4349 b.
1120 4290 1240 4349 Iuditbe

71 4381 96 4437 6.
119 4380 231 4441 csseke
243 4396 323 4441 enen.
334 4382 362 4439 (1.
375 4382 548 4441 coloniensis
559 4399 577 4441 a
587 4381 764 4445 Prderborna
777 4384 852 4441 inter
863 4382 1037 4441 ooeidentem
1048 4386 1079 4441 et
1088 4382 1239 4440 meridiem.
