3117 4859
312 298 376 365 118
661 314 811 363 8888888
830 312 1019 362 semrom
1039 310 1077 359 ar.
1093 310 1132 359 aa.

223 462 291 519 1147
310 476 418 525 rarum
444 456 479 524 iu
506 476 544 525 eo
569 456 761 545 reperimus,
791 456 855 523 nisi
882 455 966 544 quod
993 455 1028 523 in
1050 454 1209 542 spirituali
1229 460 1321 544 patre
1340 456 1480 545 reperire

229 538 285 599 ψ’
311 594 437 662 semper
469 574 657 661 optavimus.
703 572 835 640 Reditus
866 572 1036 640 aecclesiae
1063 578 1207 657 nostrae,
1242 592 1320 659 quos
1348 573 1480 641 domnus

310 690 503 774 H(oinricus)
528 690 700 778 depositus,
722 694 832 777 utpote
853 690 926 776 plue
947 689 1139 757 militaribus
1160 689 1337 775 insignibus
1356 690 1479 757 deditus

311 828 406 895 quam
432 807 607 875 monastice
635 806 827 874 institutioni
853 807 1008 892 intentus,
1036 806 1072 873 in
1097 804 1284 874 beneficium
1303 805 1395 873 laicis
1417 813 1481 873 tra·

310 924 444 1009 diderat,
467 922 598 990 oonsilio
621 922 817 1008 sagacissimi
838 923 959 1009 ingenii
981 924 1030 989 sui
1052 923 1193 990 maxim
1214 942 1254 989 er
1270 928 1362 1009 parts
1376 924 1481 1010 requi·

311 1040 395 1109 sivit.
474 1038 623 1107 Preterea
645 1038 739 1107 cellas
761 1038 840 1107 duas
862 1038 1148 1107 sanctimonialium
1169 1038 1373 1125 feminarum,
1402 1060 1482 1127 quae

309 1178 369 1246 pro
390 1156 576 1224 enormitate
603 1156 652 1223 sui
678 1156 805 1224 sceleris
831 1176 955 1224 omnem
983 1156 1165 1223 canonicam
1188 1156 1424 1224 institutionem
1448 1158 1483 1225 in

311 1274 451 1341 Saxonia
465 1273 548 1361 apud
563 1294 654 1341 aures
669 1272 757 1359 uulgi
770 1274 870 1341 fetere
887 1277 919 1340 et
933 1272 1032 1341 vilere
1045 1273 1196 1358 fecerant
1209 1273 1299 1358 regia
1311 1272 1483 1343 donatione

310 1390 379 1459 loco
401 1394 509 1459 nostm
532 1390 732 1477 conquisivit,
755 1396 787 1457 et
808 1389 888 1457 inibi
909 1389 1036 1457 divinae
1057 1390 1219 1457 seruitutis
1238 1389 1429 1459 famulatum
1443 1391 1484 1459 de

310 1507 501 1575 monasterio
532 1511 640 1574 nostro
675 1507 824 1575 instituit.
868 1506 931 1574 Pto
965 1526 1028 1591 qua
1054 1525 1150 1573 causa
1177 1506 1328 1573 domnum
1354 1512 1483 1595 aposto-

310 1624 407 1693 lieum
430 1624 518 1709 adiit,
540 1623 777 1711 impetraturus,
799 1629 837 1689 ut
857 1643 933 1689 suae
956 1622 1151 1690 auctoritatis
1172 1622 1339 1710 privilegio
1354 1622 1484 1693 firmata

310 1739 369 1809 bec
390 1746 460 1807 rata
483 1739 719 1809 etineenvulss
739 1743 955 1827 permaneant.
1034 1738 1094 1805 His
1116 1758 1206 1824 ergo,
1229 1745 1262 1807 et
1282 1739 1311 1807 si
1333 1760 1399 1827 qua
1421 1740 1484 1809 alia

311 1863 385 1925 sunt
406 1856 497 1925 uobis
520 1875 591 1924 cum
613 1858 728 1924 domno
750 1876 835 1944 papa
856 1855 1002 1942 gerenda,
1026 1856 1173 1942 quoniam
1196 1855 1298 1923 multa
1317 1863 1403 1943 sunt,
1426 1878 1483 1925 uos

310 1974 556 2043 misericorditer
589 1972 770 2061 astipulari,
805 1974 899 2041 unico
931 1971 1044 2039 solatio
1078 1972 1317 2058 monachorum,
1350 1994 1483 2062 precum

310 2096 491 2159 nostrarum
514 2089 633 2157 scilicet
655 2089 941 2174 commendatione,
969 2090 1143 2157 ammoneri
1165 2110 1329 2176 rogamus,
1351 2098 1390 2159 ut
1411 2097 1482 2161 ian-

33 2246 40 2261 ·
164 2277 168 2287 ,
312 2208 383 2277 dem
406 2207 589 2295 aliquando,
619 2206 758 2275 decussis
782 2207 978 2273 diversamm
1005 2206 1279 2293 perturbationum
1300 2208 1481 2293 angoribus,

310 2330 437 2413 optatae
459 2325 547 2413 pacis
569 2323 685 2391 unitati
705 2322 902 2390 redonemur.

314 2537 375 2611 38.
399 2541 615 2607 Heremoaaca
643 2562 742 2605 comer
769 2536 913 2625 Eopeaio
934 2536 992 2603 ΙΠ
1007 2560 1116 2625 popae
1137 2535 1312 2603 Wibaldom
1339 2538 1482 2605 abbatem

400 2656 600 2723 cornmeodet
1340 2650 1396 2733 (bl.
1418 2652 1481 2738 17.)

225 2794 293 2851 114⁷
399 2789 536 2858 Domino
560 2794 592 2857 et
613 2787 698 2876 patri
720 2806 777 2853 suo
798 2785 966 2870 litugenio)
989 2784 1094 2870 gratia
1112 2783 1173 2853 Dei
1200 2784 1388 2853 uniuersalis
1412 2808 1482 2855 aec-

231 2870 287 2930 Ψ
312 2904 427 2974 elesiae
445 2903 588 2992 pontifici
609 2902 854 2985 H(eremannus)
873 2923 977 2970 comes
997 2902 1103 2971 devoti
1117 2902 1238 2970 servitii
1258 2902 1479 2973 obedientiam.

400 3020 523 3088 Relatio
550 3020 686 3087 fratrum
707 3018 858 3087 Gorbciae
885 3019 926 3086 ad
952 3039 1011 3086 nos
1038 3019 1165 3086 deuenit
1190 3018 1396 3105 denuntians,
1426 3042 1480 3089 vos

313 3136 529 3205 testimonium
557 3134 717 3201 electionis
747 3134 867 3202 domini
893 3136 956 3204 mei
977 3134 1115 3203 Wiboldi
1137 3134 1260 3203 abbatis
1282 3134 1480 3206 (lorbeiensis

314 3252 498 3339 exquisisse.
533 3249 731 3337 Quapropter
758 3251 975 3319 testimonium
1000 3252 1201 3339 perhibemus
1230 3253 1292 3320 eibi
1318 3252 1480 3321 electionis

315 3388 400 3452 suae,
424 3368 574 3435 domnum
588 3365 894 3435 Patherburnensem
916 3369 1099 3456 episcopmn
1119 3374 1152 3437 et
1173 3389 1224 3437 me
1245 3369 1340 3437 simul
1354 3367 1481 3439 affuisse

315 3491 348 3553 et
369 3484 570 3551 unanimitati
592 3502 667 3551 suae
690 3483 849 3553 electionis
868 3485 991 3552 nullum
1004 3484 1206 3569 reclamasse;
1228 3491 1287 3571 set,
1309 3487 1391 3555 sieut
1405 3492 1481 3555 tunc

315 3602 378 3689 ipsi
400 3601 536 3667 uidimus
559 3606 591 3668 et
613 3600 667 3667 alii
688 3598 796 3669 fideles
817 3606 914 3669 testes
937 3606 1012 3669 sunt
1032 3602 1087 3689 qui
1108 3601 1274 3688 affuerunt,
1299 3603 1346 3670 ita
1367 3603 1481 3673 idonea

317 3718 468 3787 electione
494 3717 703 3785 intronizatus
732 3722 794 3802 est,
821 3724 859 3786 ut
884 3719 919 3785 in
944 3718 1030 3786 nullo
1053 3720 1218 3787 canonica·
1239 3719 1396 3787 institutio
1425 3740 1480 3789 888

316 3834 544 3904 observationis
577 3834 801 3902 detrimentum
837 3856 932 3923 passa
958 3835 1063 3902 fuerit
1103 3834 1252 3903 Preterea
1279 3836 1299 3903 t
1324 3836 1479 3922 religiosis

316 3953 457 4021 eiusdem
479 3949 647 4019 aecclesiae
668 3952 830 4020 monachis
850 3952 1037 4037 audivimus,
1060 3952 1153 4039 quod,
1174 3957 1343 4040 postqum
1356 3974 1394 4021 eo
1407 3974 1478 4041 per·

316 4069 448 4154 renent,
469 4068 517 4149 ite
538 4088 573 4135 88
595 4073 627 4135 et
648 4068 682 4135 in
703 4088 828 4136 morum
849 4070 1085 4137 conversatione
1107 4074 1140 4136 et
1161 4070 1195 4136 in
1216 4068 1359 4155 dibgenti
1373 4090 1478 4137 rerum

316 4185 485 4255 aecclesiae
506 4184 684 4273 provisione
705 4184 892 4253 imitabilem
913 4186 1116 4272 reddidisse⁵,
1136 4191 1174 4254 ut
1195 4206 1304 4255 omncs
1325 4206 1398 4255 eum
1419 4186 1479 4255 sibi

316 4300 355 4369 de
387 4301 484 4371 caelis
517 4301 668 4369 divinitus
702 4301 835 4369 missum
864 4309 1015 4371 asserant
1062 4303 1258 4391 Quapropter
1285 4308 1318 4371 et
1343 4303 1364 4371 i
1390 4304 1477 4371 robis

377 4456 399 4493 a
418 4444 531 4495 88888.
590 4443 615 4494 a
633 4446 668 4493 sa
683 4461 703 4491 0.
