3117 4859
388 308 537 355 wrsnnnr
557 306 746 355 sumnonem
765 307 819 353 oss.
837 306 890 354 ree.
1159 290 1223 357 371

43 444 140 518 248.
163 450 326 515 &mosim
340 449 402 516 III
416 474 474 516 ree
488 450 632 537 Enpcm‘o
650 450 712 516 III
723 474 831 538 popae
844 453 991 517 amdam
1004 474 1104 531 mm,
1127 448 1225 516 Heia-

160 559 262 623 n'com
284 560 389 623 wios
411 559 524 645 repulia
545 560 711 641 notariam,
736 558 929 624 coemendas
937 551 954 623 ¹.
1067 553 1123 637 (Μ.
1137 557 1226 637 226.)

137 678 353 747 Dilectissimo
380 682 415 748 in
441 680 567 748 Christo
596 681 681 768 petri
708 681 876 767 Elugenio)
912 686 1039 747 emotae
1066 680 1227 747 Romanae
1272 687 1342 743 1150

41 796 222 865 aecclesiae
255 818 378 865 summo
406 796 549 885 pontifici
579 797 766 879 Clemadus)
796 798 858 865 Dei
883 798 988 882 gratie
1013 797 1228 865 Romanorum
1243 761 1365 823 “pm

41 934 104 981 rex
129 918 165 981 ct
187 932 313 1003 semper
335 918 487 999 augustus
509 912 637 981 filialem
659 935 717 1002 per
740 916 849 982 omnia
869 915 1071 983 ddscdonem
1091 920 1125 982 et
1140 913 1228 983 debi-

42 1034 115 1097 tam
137 1030 177 1097 in
197 1029 334 1098 Domino
357 1032 576 1099 reverentiam.

139 1145 194 1213 Ex
215 1167 276 1232 quo
298 1168 357 1215 nos
379 1148 523 1236 propicia
539 1148 689 1215 divinitas
704 1147 883 1235 apartibus
897 1148 1027 1215 orientis
1041 1152 1115 1235 post
1127 1147 1230 1214 multe

42 1262 194 1351 pericula
221 1269 307 1331 terra
334 1265 479 1351 marique
500 1269 649 1351 suscepta
671 1284 764 1331 sanos
787 1269 821 1331 ef
842 1264 1015 1332 incolumes
1037 1265 1079 1332 ad
1099 1266 1230 1352 propria

42 1380 197 1465 reduxit,
225 1381 301 1466 quia
326 1401 391 1447 non
418 1382 509 1449 licuit
536 1386 679 1449 sanctam
708 1400 745 1448 ac
766 1382 979 1449 venerabilem
1005 1382 1230 1469 paternitatem

43 1502 193 1564 uestram
215 1496 295 1564 facie
317 1497 495 1565 adfaciem
517 1497 732 1586 corporalibus
757 1498 856 1565 oculis
871 1498 998 1582 intueri,
1021 1517 1229 1586 proposuera-

43 1633 133 1697 mus,
163 1612 284 1699 aliquos
307 1613 347 1679 de
369 1615 569 1699 magnatibus
591 1615 709 1683 nostris
732 1616 773 1682 ad
794 1635 852 1681 vos
874 1614 1021 1700 dirigere,
1043 1620 1080 1682 ut
1100 1620 1169 1681 tam
1191 1614 1230 1682 de

43 1736 139 1797 statu
163 1736 382 1799 sacrosanctae
403 1732 516 1799 matris
538 1736 665 1799 nostrae
679 1730 840 1799 Romanae
861 1732 1031 1799 aecclesiae
1049 1731 1232 1799 stallatum

44 1847 272 1932 eeclesiarum,
297 1868 392 1934 quam
415 1848 455 1917 de
476 1848 578 1915 tocius
600 1848 735 1915 Romani
756 1848 883 1935 imperii
905 1848 1107 1915 reformanda
1127 1849 1230 1933 digni·

43 1970 117 2033 tate
145 1964 365 2032 discretissimi
394 1964 517 2031 consilii
539 1965 638 2031 vestri
665 1965 856 2032 sententiam
881 1964 1032 2031 familiari
1060 1969 1092 2031 et
1116 1965 1231 2032 intima

43 2081 257 2167 inquisitione
280 2082 503 2167 reciperemus.
540 2080 595 2149 Set
617 2082 721 2167 primo
744 2081 880 2148 detinuit
900 2101 959 2148 nos
977 2083 1084 2166 gravis
1097 2080 1231 2149 infirmi·

44 2204 98 2265 tas
124 2197 229 2265 aDeo
252 2196 342 2265 nobis
366 2198 407 2264 ad
428 2198 654 2265 correctionem
676 2197 760 2282 data,
785 2218 846 2283 que
867 2218 926 2265 nos
940 2200 975 2263 in
989 2202 1114 2265 tantm
1129 2200 1151 2265 6
1164 2199 1232 2265 fere

45 2314 215 2381 mensibus
245 2312 386 2399 afflixit·,
419 2318 456 2379 ut
484 2314 657 2381 maioribus
685 2314 779 2381 rebus
806 2314 953 2399 gerendis
981 2334 1062 2401 pens
1092 2334 1231 2381 essemus

45 2431 191 2497 inutiles.
237 2430 323 2509 Quae
346 2430 468 2497 occasio
491 2430 669 2517 aliquorum
692 2429 770 2497 aluit
793 2432 959 2497 audaciam
981 2436 1013 2497 et
1034 2431 1232 2516 quorundam

46 2553 198 2615 motuum
220 2546 370 2613 excitavit
393 2547 578 2631 seminaris3
608 2547 649 2613 ad
672 2567 732 2633 que
755 2546 908 2632 sopienda
930 2551 962 2613 et
984 2548 1231 2632 comprimenda,

46 2684 124 2731 cum
153 2662 341 2750 sospitatem
370 2684 410 2729 cx
439 2661 547 2729 celesti
575 2682 705 2729 munere
733 2662 903 2729 fuissemus
931 2661 1055 2749 adepti,
1083 2668 1151 2730 tota
1174 2684 1232 2731 nos

48 2778 198 2867 animael
225 2778 390 2863 vigilantia
423 2778 647 2866 precinnimus.
698 2777 742 2845 Et
768 2798 853 2845 nunc
881 2778 1038 2846 debonis
1066 2780 1232 2867 principiis

47 2902 245 2985 oportunum
266 2894 362 2962 linem
384 2915 456 2962 cum
474 2894 535 2961 Dei
557 2894 660 2979 gratia
682 2900 857 2981 sperantes,
879 2894 1024 2962 misimus
1046 2896 1080 2963 in
1102 2916 1232 2983 presen-

47 3014 172 3079 tiarum
202 3012 242 3078 ed
266 3018 405 3079 vestram
433 3011 653 3079 celsitudinem
681 3012 870 3095 magistrum
897 3010 1097 3097 Heinricum,
1126 3013 1232 3079 curiae

48 3135 182 3196 noemae
204 3129 373 3213 nomnium,
396 3129 500 3195 virum
522 3128 631 3214 utique
653 3126 843 3214 prudentem
865 3131 898 3194 et
911 3128 1080 3197 honestum
1095 3135 1127 3196 et
1140 3129 1232 3197 nobis

49 3252 87 3313 ut
118 3245 209 3313 scitis
236 3244 425 3311 familiarem
452 3248 484 3309 et
506 3249 685 3331 occeptum,
714 3244 768 3329 qui
791 3250 915 3312 vestrae
937 3246 1119 3314 discretioni
1141 3252 1234 3313 extra

49 3361 250 3449 presentium
271 3361 450 3429 litterarum
473 3360 588 3427 seriem
611 3360 746 3446 quedam
769 3360 809 3427 de
822 3361 985 3429 voluntate
1007 3382 1044 3429 ac
1065 3362 1159 3429 rebus
1175 3382 1232 3429 uo-

50 3478 129 3545 stris
152 3478 228 3544 viva
248 3498 324 3545 voce
346 3476 516 3544 intimabit.
563 3475 623 3542 Oui
646 3475 774 3544 credere
797 3477 977 3545 nullatenus
999 3478 1194 3549 dubitabitis.

53 3689 145 3761 249.
169 3694 331 3759 Ceres-udas
346 3691 408 3755 HI
424 3715 482 3757 rec
505 3692 629 3757 Alberto
654 3693 758 3757 abbati
780 3693 1007 3760 Nouamuloeo
1030 3696 1068 3759 de
1085 3694 1232 3761 Heinrieo

167 3803 290 3865 notario
313 3802 347 3863 io
368 3798 493 3864 Italiam
515 3798 615 3883 lepato
639 3800 819 3887 sipssficm‘.

145 3923 333 4007 C(onradus)
356 3921 418 3989 Dei
440 3923 543 4006 grstia
558 3921 771 3989 Romanorum
793 3942 851 3989 ren
866 3922 1024 4006 Allbcrto)
1048 3924 1153 3992 abbati
1169 3923 1232 3989 No·
1277 3932 1348 3988 1150

52 4040 228 4109 nantolano
251 4040 386 4125 gratiam
410 4044 442 4107 et
464 4059 556 4107 omne
579 4039 706 4106 bonum.
1248 4007 1372 4067 ⁶⁴¹³·ll

127 4178 149 4211 ι.
171 4164 258 4213 affluxit
274 4184 291 4211 c.
363 4164 385 4210 b.
406 4165 480 4211 anima
496 4182 516 4210 e.
584 4177 604 4210 c.
626 4166 663 4209 Ex
680 4164 815 4225 apographo
831 4164 995 4211 Nonnmlaao
1011 4164 1084 4209 edidit
1100 4164 1234 4210 findendi

54 4247 132 4294 Storr'a
150 4244 177 4291 di
190 4245 324 4290 Nuceriola
339 4248 370 4291 11.
385 4245 438 4291 268.
458 4242 559 4301 (Vitiosa
574 4252 607 4291 esf
623 4244 693 4289 editio
709 4245 815 4298 Saoielr'a',
832 4244 920 4291 Annali
933 4244 1058 4305 Bolognesa'
1072 4246 1090 4289 1.
1109 4244 1131 4297 2,
1149 4240 1212 4300 220).

127 4330 153 4386 1.
178 4328 315 4399 Scriptum
338 4346 399 4385 esse
419 4346 444 4385 c.
459 4330 527 4399 Apr.
540 4331 575 4386 20
592 4346 617 4385 a
632 4330 702 4385 1150
724 4328 797 4385 hauc
815 4328 974 4399 epistolam,
997 4328 1179 4400 intelligimus
1197 4345 1232 4386 ex

56 4435 100 4493 ep.
113 4420 167 4477 251
186 4418 258 4477 infre
275 4434 303 4490 p.
315 4419 378 4475 ΒΗ.
390 4420 450 4475 375.

957 4515 1019 4575 24*
