3117 4859
312 229 357 296 48
625 245 927 296 onaououusrnus
950 245 1171 296 eonanmnsrs

211 395 282 450 1146
312 389 398 457 mino
422 388 515 477 pleno
537 388 719 457 ardentibus
738 388 845 474 lignis,
869 388 1045 473 autetiam,
1068 388 1152 474 quod
1167 391 1216 455 est
1230 385 1480 474 eomparabilins,

200 469 298 516 lm
313 507 344 573 si
371 505 417 573 sol
445 505 598 574 obductum
619 505 755 573 nubibus
777 527 835 592 per
857 505 1011 592 quosdam
1033 505 1192 572 anfraetua
1216 504 1341 571 emittat
1361 504 1395 569 in
1416 507 1481 570 ter·

313 643 384 690 ram
414 621 524 708 longos
551 621 644 689 valde
671 643 744 689 suos
773 621 974 709 splendentes
1001 621 1214 689 deductiones.
1261 619 1400 688 Tandem
1425 617 1482 686 lux

314 741 385 826 ipsa
405 760 446 806 ne
468 738 507 806 de
528 738 664 806 Domino
687 739 871 825 procederet
891 760 925 806 se
940 739 1104 822 eononuit,
1128 743 1160 805 et
1173 737 1238 804 iam
1253 757 1379 822 egressa
1394 735 1483 823 quasi

313 855 500 924 nebularum
520 855 556 922 in
576 855 695 921 formas
715 876 751 922 ae
764 855 910 940 eonlegit.
946 855 1060 942 Sisque
1075 862 1234 944 pestremo
1249 855 1412 922 dominum
1426 851 1484 920 Sa·

314 973 427 1058 booth,
453 978 561 1039 tamen
583 971 729 1057 viritim‘,
759 972 868 1040 sedere
896 972 930 1038 in
958 973 1059 1040 emuli
1081 974 1158 1040 satis
1181 972 1351 1040 admodum
1371 963 1484 1036 humili

313 1090 404 1158 uidit.
439 1089 519 1156 Cum
540 1093 652 1155 neuter
673 1088 815 1174 ipsorum
838 1088 879 1155 ad
901 1088 1036 1156 alterum
1051 1089 1156 1176 aliquo
1171 1093 1312 1158 uteretur
1327 1085 1484 1169 affamine,

313 1206 361 1274 isb
376 1211 482 1273 autem
495 1205 668 1272 Dominum
682 1203 781 1271 multo
796 1205 913 1272 intuitu
928 1205 1196 1274 animadvertente
1203 1217 1224 1291 ⁰,
1246 1206 1317 1292 ipso
1332 1209 1364 1272 et
1378 1204 1484 1270 minus

313 1323 348 1390 id
374 1321 577 1407 adtendente,
604 1321 703 1389 frater
731 1322 766 1387 in
793 1319 861 1389 loeo
885 1342 941 1388 suo
964 1322 1050 1388 visus
1073 1327 1121 1390 est
1144 1328 1229 1390 stare
1252 1325 1398 1408 repente,
1426 1339 1486 1387 nee

313 1440 448 1506 miratus
474 1438 612 1522 modiee,
642 1437 779 1523 quidet
807 1438 841 1504 id
868 1440 1064 1524 portentuosi
1091 1444 1198 1525 posset
1228 1436 1400 1524 significari
1429 1455 1487 1524 per

313 1561 493 1644 temporum
513 1556 750 1622 suoeessionem.

213 1691 297 1740 rora
402 1671 522 1740 Eodem
546 1691 627 1738 anno
650 1670 867 1738 inhaeseris
889 1676 989 1756 sexto,
1013 1691 1073 1756 que
1094 1675 1143 1738 est
1163 1673 1186 1738 4
1206 1671 1279 1738 Idus
1299 1670 1381 1755 Iulii,
1405 1675 1486 1738 tam·
1537 1684 1544 1698 ·

314 1809 392 1876 pore
412 1788 580 1856 meridiani
600 1788 703 1854 visum
727 1793 775 1855 est
798 1786 986 1874 quibusdam
1007 1786 1178 1873 religiosis,
1203 1788 1358 1874 quendam
1380 1787 1486 1855 virum

315 1905 546 1974 candidissimis
567 1904 708 1971 vesdbus
731 1904 881 1970 amictum
902 1903 937 1969 in
959 1902 1095 1971 editiore
1116 1902 1185 1971 loeo
1203 1904 1375 1972 sanctuarii
1389 1909 1486 1988 stare,

314 2042 424 2090 uersus
446 2022 599 2089 orientem
621 2020 727 2088 oeulos
743 2027 775 2087 et
789 2019 911 2087 vultum
927 2019 1124 2106 dirigentem,
1147 2026 1281 2108 unaque
1295 2041 1392 2088 manu
1406 2019 1487 2087 lam·
1556 2069 1558 2074 ,

314 2138 430 2226 pedem
456 2137 630 2205 planissime
660 2136 823 2204 ardentem
851 2141 883 2203 et
908 2141 1075 2204 tenentem.
1122 2136 1202 2204 Cum
1223 2138 1269 2205 sio
1291 2136 1487 2224 aliquamdiu

314 2261 399 2323 stare
420 2255 589 2338 videretur,
611 2253 734 2320 modice
755 2252 925 2340 proelivior
943 2252 1115 2336 levefaotus
1125 2250 1142 2339 ¹,
1167 2255 1257 2340 quasi
1272 2255 1397 2341 lapsum
1411 2253 1487 2321 sub-

315 2376 458 2457 aeturus,
488 2371 596 2438 ambas
625 2371 756 2437 dextera
780 2369 923 2436 lucernas
946 2369 1088 2454 sustulit3
1117 2369 1237 2457 hosque
1260 2371 1352 2438 modo
1376 2369 1487 2438 diuum

315 2489 454 2556 deseruit
475 2493 508 2554 et
528 2492 610 2555 teoto
632 2487 745 2574 templi
766 2507 800 2553 se
823 2487 957 2572 subegit,
981 2487 1059 2554 adeo
1081 2492 1255 2573 mansuete,
1277 2492 1314 2553 ut
1336 2491 1369 2554 et
1389 2485 1486 2554 lumi·

314 2606 407 2674 nibus
421 2605 623 2689 intromissis,
645 2603 774 2671 damma
788 2623 897 2670 eorum
911 2604 1077 2672 manifeste
1093 2603 1368 2692 contemplaretur.
1431 2601 1487 2670 Bis

313 2722 517 2790 nihilominus
538 2722 609 2809 ipso
631 2742 713 2788 anno
734 2725 854 2787 teotum
875 2721 986 2808 templi
1008 2721 1101 2788 huius
1116 2720 1219 2788 visum
1234 2725 1283 2788 est
1297 2719 1487 2807 quibusdam

314 2839 511 2907 eonvieaneis
532 2836 650 2904 nostris
671 2838 707 2903 in
729 2835 863 2903 sublima
886 2844 1075 2924 porrectum,
1099 2859 1137 2906 ao
1151 2857 1276 2906 orueem
1291 2857 1421 2904 auream
1436 2855 1487 2903 oe-

313 2955 389 3022 litus
416 2954 573 3043 elapsam,
600 2953 792 3020 monasterio
819 2952 981 3040 illapsam,
1011 2955 1093 3022 tanti
1119 2955 1266 3040 fulgoris,
1294 2954 1405 3040 quanti
1428 2971 1488 3021 nae

314 3071 410 3138 fuerit
436 3072 471 3137 in
496 3071 630 3138 meridie
651 3068 798 3157 splendor
821 3069 906 3137 solis.
953 3071 1010 3140 Set
1030 3072 1114 3140 infra
1137 3077 1168 3138 st
1190 3072 1274 3138 eirea
1295 3071 1404 3139 urbem
1429 3071 1488 3137 ali·

316 3187 504 3274 quantulum
524 3185 717 3272 longiuseule
737 3191 805 3253 tam
828 3187 978 3255 fratribus
1001 3209 1096 3275 quam
1118 3193 1152 3255 et
1173 3187 1243 3254 aliis
1261 3185 1421 3254 nonnullis
1437 3187 1486 3254 in·

315 3303 502 3372 estimabilis
522 3302 579 3370 lux
600 3304 670 3370 risa
691 3308 740 3370 est
762 3302 917 3372 effirlsisse
938 3325 1033 3391 super
1055 3305 1290 3372 monasterium.

403 3420 471 3488 Hoe
500 3441 582 3488 anno
604 3421 726 3507 sepius,
754 3424 788 3486 et
808 3421 993 3507 priusquam
1015 3421 1147 3488 domnus
1170 3414 1353 3488 Heimieus'
1377 3418 1486 3503 abbas,

175 3546 298 3611 (boll)
315 3557 483 3622 germanus
513 3536 662 3622 Sigefridi
688 3536 859 3623 principis,
890 3532 1115 3624 deponeretur⁸
1142 3542 1175 3605 et
1203 3541 1314 3624 postea
1344 3535 1488 3603 erebrius

315 3654 495 3721 huiusmodi
516 3658 663 3740 portenta
683 3652 785 3719 videri
807 3653 872 3720 aesi
894 3653 1096 3721 elementaris
1118 3653 1338 3742 opinabantur.

404 3770 476 3859 lpse
504 3776 610 3838 autem
636 3771 798 3857 depositus
826 3792 890 3840 non
915 3771 992 3838 satis
1021 3771 1137 3838 usitato
1167 3789 1270 3855 more,
1299 3763 1487 3837 Heinrieus⁴

217 3899 299 3958 Aust
316 3889 511 3975 prepositus,
539 3887 632 3954 huius
660 3886 809 3956 eeclesiae
836 3887 920 3956 lilius
948 3888 1086 3975 primus,
1115 3892 1164 3954 est
1185 3888 1219 3953 in
1243 3885 1389 3954 abbatem
1411 3905 1486 3954 oon-

316 4004 457 4089 stitutus,
480 4009 528 4072 set
548 4004 670 4071 dnobus
691 4003 853 4073 mensibus
876 4011 908 4074 et
929 4005 1064 4074 emensis
1088 4004 1225 4092 quinque
1247 4003 1368 4090 diebus,
1391 4009 1441 4071 est
1456 4007 1486 4071 et

389 4259 410 4292 a
426 4262 492 4305 snper
506 4245 682 4306 viritimpom't
696 4247 774 4292 eadem
787 4245 1017 4306 mnoussinglllatim„
1061 4245 1084 4293 b.
1099 4249 1134 4294 ric
1150 4246 1202 4294 eod.
1249 4259 1269 4293 e.
1284 4244 1485 4294 mommsen

388 4369 415 4424 1.
432 4366 595 4426 labefwtus.
647 4366 715 4424 Ἡ.
768 4369 884 4424 &1146
902 4369 981 4425 Mart.
994 4369 1038 4425 21.
1091 4368 1119 4423 4.
1138 4367 1174 4424 Π.
