3117 4859
321 244 384 314 1as
707 262 855 311 wmnnnr
874 261 1039 312 memnona
1059 261 1098 310 eo.

230 410 298 467 1147
318 406 450 473 solidam
471 410 596 473 noemae
617 403 777 489 religionis
795 405 1027 473 observantiam
1047 404 1245 472 reflorescere
1264 405 1434 473 videamus
1455 411 1485 473 ot

242 486 283 533 Μ’
316 529 457 590 nostram
471 522 635 590 corbeiam
657 522 691 588 in
711 540 787 587 vera
801 541 858 587 aua
872 522 1018 607 ymagine
1032 542 1298 607 recognoscamus.
1333 521 1486 590 Preterea

316 640 538 726 possessiones,
562 658 639 726 quas
662 637 827 705 Heinricus
849 637 913 723 illo,
937 658 1030 724 quem
1051 638 1241 706 venerabilis
1261 639 1385 725 legatus
1409 658 1486 727 apo-

317 755 445 823 stolicae
472 756 555 824 sedis
578 755 710 822 domnus
733 754 868 821 Thomas
890 755 1059 822 cardinalis
1080 755 1197 822 indicio
1220 754 1359 858 Spiritus
1381 755 1487 823 sancti

316 874 463 940 canonice
486 872 645 961 deposuit,
669 871 871 957 alienaverat,
895 891 974 958 quae
996 877 1122 939 centnm
1143 872 1210 939 fere
1230 892 1358 939 mansos
1381 872 1487 940 bonae

317 1008 353 1055 ac
380 988 493 1057 fertilis
521 994 624 1057 temes
647 988 854 1073 excedebant,
884 989 925 1055 ad
946 990 1104 1073 integrum
1125 988 1284 1073 recollegit
1306 995 1339 1057 et
1360 990 1487 1058 utilita-

314 1105 399 1173 tibus
427 1106 610 1173 monasterii
631 1106 723 1172 restit
746 1106 778 1176 't
824 1104 886 1171 Pro
908 1104 1088 1172 huiusmodi
1110 1104 1267 1173 beneficiis
1289 1111 1321 1174 et
1343 1106 1420 1173 aliis
1445 1108 1487 1174 si·

315 1222 442 1291 milibus
463 1222 514 1289 vel
536 1221 717 1307 maioribus,
741 1240 802 1308 que
824 1220 925 1288 adhuc
947 1222 987 1289 ab
1003 1242 1226 1309 coeperamus,
1250 1222 1317 1290 Deo
1331 1228 1366 1290 et
1379 1224 1485 1308 vobis,
1517 1282 1523 1288 .

315 1338 397 1405 tanti
423 1338 523 1426 patris
551 1337 767 1422 largitoribus,
796 1338 914 1421 gratias
942 1338 1115 1406 referimus.
1161 1338 1260 1418 Quem
1281 1340 1315 1405 in
1335 1345 1487 1428 tempore
1548 1416 1551 1420 J

316 1454 443 1542 quidem
465 1455 624 1524 electionis
647 1474 722 1521 suae
743 1459 874 1541 propter
889 1475 978 1541 spem
994 1462 1026 1523 et
1041 1456 1154 1523 bonam
1168 1456 1286 1523 famam
1298 1456 1485 1544 dileximus,

315 1592 399 1639 nune
426 1577 531 1639 autem
557 1578 686 1659 propter
712 1592 779 1639 rem
803 1576 835 1638 et
857 1570 970 1639 collata
990 1572 1025 1639 in
1046 1592 1103 1639 nos
1126 1570 1290 1657 beneficia,
1317 1579 1355 1639 ιιι
1375 1575 1486 1643 vnum

316 1690 402 1755 omni
423 1688 590 1757 dilectione
612 1688 751 1773 dignum,
774 1688 917 1755 unanimi
938 1694 971 1757 et
991 1689 1105 1757 intima
1126 1689 1289 1758 devotione
1307 1689 1485 1775 diligimus

315 1804 503 1873 Audivimus
527 1806 547 1873 a
567 1805 680 1873 dilecto
702 1805 800 1872 fratre
821 1809 929 1872 nostro
953 1804 1099 1873 Heinrico
1109 1801 1127 1890 ¹,
1153 1807 1345 1893 presentium
1368 1807 1484 1894 latore,

316 1927 348 1989 et
370 1943 389 1989 a
411 1922 524 1991 domno
539 1920 714 2007 Wlaltero),
738 1927 813 1989 tuno
834 1923 985 2009 temporis
1006 1927 1115 1990 nostro
1136 1924 1251 2010 priore,
1274 1929 1306 1991 et
1324 1925 1345 1991 i
1364 1944 1485 2012 prepo-

316 2034 394 2106 sito²
409 2039 506 2106 frnue
520 2037 711 2123 R(einhero),
735 2038 819 2124 qnod
840 2058 894 2105 eos
916 2058 975 2126 per
996 2038 1115 2125 aliquot
1136 2039 1203 2107 dies
1220 2046 1380 2108 morantes
1395 2042 1484 2129 apud

315 2150 388 2222 vos⁸
411 2154 544 2240 benigne
573 2160 605 2222 et
630 2156 761 2223 honeste
782 2156 1004 2240 tractaveritis,
1027 2161 1060 2224 et
1078 2157 1124 2224 eia
1144 2157 1227 2224 inter
1241 2156 1319 2230 alias
1333 2157 1485 2225 hnmani·

314 2276 395 2339 tates
422 2272 653 2340 fraternitatem
681 2276 712 2339 et
734 2273 914 2339 societatem
936 2272 1020 2341 inter
1042 2293 1112 2358 vos,
1140 2273 1400 2360 quemadmodum
1425 2276 1484 2343 uni

315 2388 354 2455 de
369 2389 468 2473 vobis,
487 2388 712 2456 concesseritis.
750 2388 914 2476 Superbia
930 2410 1052 2475 quoque
1067 2390 1184 2475 gratias
1198 2396 1322 2458 vestrae
1335 2390 1483 2475 benigni-

314 2506 374 2573 tati
395 2505 569 2574 referimus.
635 2505 774 2573 Verbum
797 2525 882 2591 vero,
905 2506 945 2574 de
967 2526 1028 2592 quo
1051 2511 1084 2573 et
1103 2526 1162 2573 nos
1183 2508 1271 2575 vobis
1293 2507 1481 2595 scripsimus
1534 2502 1540 2509 ’

315 2626 347 2689 et
372 2622 436 2711 ipsi
456 2623 617 2690 vobiscum
646 2627 874 2706 mactaverunt,
902 2623 1034 2690 verbum
1054 2623 1183 2709 inquam
1205 2624 1343 2691 eiusdem
1365 2624 1481 2693 frater·

313 2739 423 2807 nitatis
438 2745 471 2807 et
484 2739 653 2824 societatis,
674 2744 710 2807 ut
725 2739 870 2808 videlicet
883 2744 990 2807 vestra
1004 2746 1036 2808 et
1049 2746 1158 2809 nostra
1171 2742 1214 2809 sit
1226 2760 1290 2807 una
1302 2740 1336 2807 in
1351 2739 1480 2809 Christo

315 2855 455 2941 ecclesia,
478 2857 561 2923 inter
582 2876 639 2923 nos
662 2856 853 2923 unanimiter
867 2858 1095 2943 convenimus·,
1118 2862 1150 2923 et
1163 2857 1308 2943 quatinus
1323 2857 1357 2924 id
1371 2858 1478 2945 ipsum

188 2977 200 3053 f
313 2978 437 3040 vestrae
466 2973 668 3039 unanimitati
688 2971 828 3059 placeat,
855 2974 971 3043 obnixe
992 2994 1148 3059 rogamus.
1193 2974 1282 3041 Hanc
1302 2974 1478 3043 unitionem

314 3088 447 3157 duarum
476 3088 676 3157 ecclesiarum
703 3109 761 3175 per
783 3089 932 3159 dilectum
953 3092 1114 3159 dominum
1136 3095 1169 3157 et
1189 3095 1311 3177 patrem
1332 3096 1476 3159 nostrum

313 3203 382 3273 lieri
411 3200 627 3294 exoptamus⁴3
656 3205 808 3293 vobisque
834 3228 892 3296 per
918 3228 990 3278 eum
1013 3209 1119 3277 debita
1138 3207 1343 3275 fraterrdtatis
1365 3228 1476 3276 secun·

385 3335 406 3370 a.
426 3326 461 3371 eie
476 3324 528 3371 aad

385 3402 409 3456 1.
428 3400 562 3457 monacho
580 3398 745 3456 stabulensi.
818 3403 844 3457 2.
862 3401 1071 3473 Eresburgensi.
1141 3403 1167 3457 3.
1185 3406 1352 3457 revertentes
1370 3402 1474 3473 Meldis,

312 3488 361 3547 nbi
385 3506 484 3560 papam
502 3488 624 3546 Wibaldi
647 3504 730 3545 causa
748 3489 847 3547 diebus
866 3491 1070 3547 ιιι-2111111
1089 3490 1156 3546 1147
1173 3490 1303 3546 adierant.
1331 3490 1364 3547 V.
1384 3507 1429 3562 ep.
1440 3492 1474 3547 46

313 3592 396 3649 supra
412 3594 439 3650 p.
455 3580 506 3635 123
521 3584 550 3635 et
561 3594 605 3648 ep.
618 3580 670 3634 150
682 3577 760 3635 infra
773 3604 807 3621 -
818 3581 916 3650 Itaque
927 3580 999 3636 bane
1010 3581 1215 3637 corbeiensium
1226 3581 1369 3650 episwlam
1382 3596 1474 3637 mense

312 3668 383 3725 Iulio
407 3669 476 3725 1141
499 3668 630 3737 scriptam
653 3684 714 3725 esse
738 3684 813 3739 reor,
841 3670 969 3727 Wibaldo
995 3670 1031 3726 ad
1056 3671 1159 3727 bellurn
1181 3668 1316 3726 Slavicum
1340 3668 1473 3740 profecto.

311 3758 339 3815 4.
357 3758 435 3815 Hane
453 3756 651 3815 fraternitatem
669 3758 762 3828 paullo
780 3763 844 3829 post
861 3759 1015 3816 confectam
1032 3776 1100 3829 esse,
1119 3760 1200 3815 docet
1217 3758 1318 3828 relatio,
1336 3765 1403 3830 post
1419 3759 1473 3815 Wi-

311 3846 388 3905 baldi
411 3852 525 3904 mortem
550 3862 631 3902 manu
656 3863 727 3903 saco.
745 3848 799 3904 XII
817 3851 908 3919 posita
930 3849 959 3904 in
983 3848 1031 3906 fol.
1044 3851 1079 3905 20
1103 3844 1164 3905 cod.
1177 3849 1323 3904 membran.
1336 3848 1471 3918 qnondam

312 3936 499 4007 Oorbeiensia,
527 3936 609 3993 hodie
633 3938 857 3995 llonasteriensis
884 3939 987 4011 signati
1015 3940 1037 3994 Ι.
1054 3939 1090 3994 Δ.
1107 3940 1167 3995 133.
1207 3938 1258 3995 Est
1278 3942 1370 3993 autem
1392 3937 1471 3993 haec:

311 4026 473 4100 ,Nomina
490 4024 634 4083 fratrum
653 4034 845 4086 nostrorum
864 4028 1137 4097 stabulensium,
1155 4043 1269 4099 qnorum
1280 4026 1472 4098 temporeStn·

310 4116 410 4175 buleus
428 4122 457 4173 et
474 4132 547 4174 nova
559 4117 731 4175 Oorbeiensis
748 4120 883 4177 aecclesia
900 4120 928 4175 in
946 4118 1029 4191 plena
1040 4117 1209 4174 fraternitate
1220 4122 1313 4173 etune
1323 4116 1471 4188 mdemque

310 4207 444 4265 societate
462 4224 562 4279 magno
581 4208 719 4279 utrimque
737 4210 829 4266 studio
847 4215 876 4266 et
894 4210 953 4279 pari
970 4208 1111 4265 voluntate
1129 4210 1324 4273 convenerunt,
1347 4222 1380 4262 eo
1398 4205 1471 4261 vide

310 4298 378 4356 lieet
389 4304 491 4371 tenore,
510 4303 542 4355 ut
553 4298 582 4353 in
594 4298 725 4356 utralibet
736 4300 871 4356 aeeclesia
882 4299 975 4356 omnia
985 4299 1080 4355 debita
1091 4298 1250 4365 orationum,
1267 4310 1337 4366 qnae
1353 4294 1470 4365 propriis

255 4386 441 4550 Μ
459 4389 603 4461 utriusque
620 4390 842 4463 mngregarcns
858 4389 1001 4460 debentur,
1019 4393 1075 4445 am
1092 4387 1164 4444 rivis
1174 4401 1255 4458 qmrn
1272 4384 1408 4442 dofumtie
1418 4382 1470 4440 fn·
