3117 4859
310 267 378 337 600
644 283 795 364 1111111
815 283 1004 334 musonis
1023 281 1150 332 111111.

310 425 571 502 468.171111111
604 429 699 496 obbae
733 427 767 494 S.
787 428 954 496 Loarmtii
984 429 1167 495 Leoda'cosa'e
1192 427 1337 496 Wiboldo
1368 430 1490 516 ymb

421 548 495 634 opit,
523 546 609 634 qood
628 546 662 611 in
684 546 802 634 muodo
826 545 994 612 Laodiceni
1013 547 1064 612 ios
1083 567 1175 611 aomo
1196 547 1288 611 caitae
1309 547 1359 610 eit.
1410 545 1492 633 Epi-

421 663 517 728 stolae
538 661 668 728 lotorem
691 663 891 728 commendat.
1318 658 1378 742 (bl.
1401 661 1491 741 374.)

222 801 291 860 1117
399 793 582 863 Reverendo
604 795 691 881 patri
713 795 818 879 gratia
838 793 900 860 Dei
922 792 1103 860 Gorbeiensi
1125 798 1159 861 et
1174 792 1357 862 stabulensi
1383 794 1494 861 abbati

310 911 482 995 wtibaldo)
506 911 605 978 frater
626 907 821 994 W(alterus)‚
845 911 967 996 etipse
988 911 1092 994 gratia
1112 909 1175 978 Dei
1195 911 1223 977 si
1244 911 1322 997 quid
1345 917 1402 978 est
1424 931 1494 978 aee·

311 1029 425 1097 clasiae
448 1028 550 1094 sancti
571 1025 734 1094 Laurentii
757 1027 792 1093 in
813 1025 947 1111 Lectio,
976 1027 1117 1094 sincerae
1139 1026 1316 1094 dilectionis
1339 1026 1494 1096 affectum

312 1151 345 1214 11
366 1145 514 1213 devotum
535 1145 570 1210 in
591 1143 729 1210 Domino
752 1143 925 1210 servitium.

401 1259 534 1345 Magnae
556 1259 787 1328 benivolentiae
800 1264 934 1344 uestrae,
957 1263 1049 1346 pater
1062 1259 1097 1324 in
1111 1257 1236 1326 Christo
1251 1260 1417 1346 amabilis,
1440 1261 1494 1328 de

312 1383 385 1446 vote
407 1377 527 1462 gratiae
550 1396 620 1461 ago,
642 1395 701 1463 pro
725 1395 761 1442 eo
782 1375 866 1462 quod
879 1373 991 1442 Leodii
1003 1376 1039 1442 in
1053 1376 1192 1459 generali
1206 1373 1345 1464 111111Ι
1358 1397 1494 1444 causam

312 1494 457 1562 iustitiae
479 1493 565 1561 beati
579 1490 743 1559 Laurentii
756 1492 806 1560 de
827 1493 906 1576 iure,
929 1492 1013 1577 quod
1033 1492 1130 1559 habet
1150 1493 1184 1559 in
1199 1492 1353 1560 aecclesia
1364 1491 1495 1562 Publici

312 1610 446 1695 montis,
475 1609 572 1676 etiam
599 1629 650 1676 me
679 1609 824 1693 absente,
852 1629 928 1675 vera
954 1613 987 1675 et
1007 1611 1164 1676 muetauti
1185 1611 1360 1677 assertione
1381 1611 1495 1698 palam

312 1727 396 1794 tueri
419 1731 452 1794 et
473 1725 640 1794 defendere
662 1745 726 1792 non
740 1725 903 1810 ambietis,
925 1725 972 1790 ita
984 1730 1022 1792 ut
1037 1727 1222 1793 auctoritate
1236 1732 1345 1794 restra
1357 1749 1494 1814 prorsus

314 1841 476 1910 obstructa
501 1842 567 1908 sint
589 1863 645 1908 ora
666 1841 862 1928 loquentium
884 1861 975 1908 vana
1020 1841 1098 1909 lude
1119 1863 1177 1909 nos
1200 1849 1232 1911 et
1252 1843 1390 1930 pusillus
1415 1867 1493 1930 grex

313 1959 399 2027 beati
420 1957 585 2027 Laurentii
613 1964 680 2026 tam
702 1958 881 2046 specialiter
903 1978 997 2045 quam
1019 1959 1131 2027 deuote
1153 1980 1279 2026 oramus
1301 1981 1362 2048 pro
1383 1969 1493 2029 vestra

217 2072 220 2080 '
314 2074 530 2142 incolomitate
552 2081 585 2142 et
606 2075 715 2142 salute
791 2074 907 2142 Precor
920 2081 1036 2160 autem,
1050 2081 1088 2142 ut
1101 2075 1198 2144 etiam
1211 2077 1345 2146 latorem
1359 2099 1493 2165 pream-

314 2192 424 2277 tium·,
446 2192 578 2260 fratrem
599 2197 753 2277 nostrum,
777 2191 942 2259 dulcedine
956 2192 1050 2260 solita
1069 2193 1117 2260 et*
1132 2193 1326 2278 benignitate
1341 2197 1492 2281 audiatis,

315 2309 404 2376 etin
425 2327 530 2395 causa
553 2329 649 2395 quam
672 2309 873 2393 suggesserit,
895 2313 1000 2376 vestro
1023 2329 1095 2376 eum
1118 2309 1248 2377 consilio
1265 2317 1298 2378 et
1311 2315 1491 2398 patrocinio

315 2425 469 2510 dirigatis.
531 2425 710 2513 Optabilem
732 2425 812 2492 mihi
834 2425 1027 2492 reverentiae
1041 2430 1165 2494 1111111
1186 2429 1381 2514 presentiam
1396 2450 1490 2518 spero

314 2561 367 2609 me
389 2541 423 2608 in
445 2542 590 2629 proximo
613 2543 766 2627 visurum,
792 2547 828 2608 ut
848 2541 888 2608 de
909 2541 1003 2609 rebus
1025 2545 1210 2610 necessariis
1231 2549 1376 2612 vestrum
1397 2547 1492 2631 digne

316 2664 464 2746 expetam
497 2664 529 2726 et
558 2659 717 2726 obtineam
746 2657 913 2726 consilium
942 2663 974 2725 et
1001 2659 1163 2726 auxilium.
1215 2660 1362 2748 Superna
1388 2665 1492 2750 pietas

314 2775 510 2864 protectione
532 2776 727 2864 sempiterna
747 2795 804 2842 vos
827 2773 991 2842 custodiat

316 2988 406 3062 469.
427 2990 542 3058 Frater
557 2992 596 3057 R.
610 2990 752 3058 Wiboldo
767 2994 888 3079 pretias
899 2993 1056 3078 persolvit,
1073 2994 1158 3081 qood
1171 2992 1331 3081 Stephano
1346 2998 1493 3084 epam„

427 3107 559 3176 Meletm'
579 3109 682 3195 ipsacm
705 3108 969 3174 commendaverit.
1327 3108 1385 3189 (Μ.
1401 3111 1492 3192 433.)

228 3251 298 3309 1157
404 3239 541 3308 Domino
566 3245 599 3308 11
620 3240 704 3327 patri
728 3260 784 3308 suo
806 3241 977 3308 reverendo
993 3239 1173 3310 Stabulensi
1190 3247 1223 3310 et
1236 3241 1423 3312 Corbeiensi
1438 3247 1494 3314 ab·

316 3356 382 3424 bati
396 3354 567 3441 W(ibaldo)
590 3355 762 3441 11111111,
785 3355 847 3423 Dei
868 3357 972 3442 gratia
992 3358 1150 3444 modicus,
1179 3359 1310 3443 exiguas
1332 3363 1493 3432 orationes

317 3480 350 3542 et
371 3473 519 3541 devotum
541 3473 734 3559 obsequium.

406 3588 517 3658 Gratia
537 3589 741 3674 benignitatis
756 3594 881 3658 uestrae
902 3610 954 3658 me
968 3588 1091 3658 liettim
1114 3592 1202 3658 eunti
1223 3592 1375 3660 comitata
1397 3601 1448 3662 est
1462 3601 1494 3663 et

317 3727 440 3776 meeum
461 3707 533 3792 fuit,
556 3712 589 3774 et
610 3706 794 3791 elaboravit,
816 3711 853 3776 ut
868 3704 977 3774 fierem
991 3712 1138 3795 acceptus
1155 3728 1262 3778 coram
1277 3709 1408 3778 domino
1421 3733 1492 3780 meo

318 3820 482 3912 episeopo²
504 3824 564 3891 boe
585 3828 736 3910 tempore.
767 3823 946 3892 Honorifice
968 3825 1053 3892 euim
1075 3830 1108 3892 et
1128 3825 1328 3894 familiariter
1350 3829 1393 3896 ab
1408 3849 1445 3896 eo
1461 3835 1492 3897 et

318 3941 338 4010 1
365 3941 430 4008 suis
457 3946 621 4030 susceptus
644 3939 770 4008 babitus
793 3947 826 4008 et
847 3941 994 4008 cimbrus
1017 3961 1105 4026 sum,
1133 3947 1352 4032 1111111111α
1376 3964 1490 4030 cogno-

287 4141 288 4144 *
318 4077 439 4126 scerem
464 4058 636 4126 secundum
664 4055 794 4142 uulgare
815 4059 960 4143 verbum,
988 4063 1129 4126 mentum
1155 4079 1262 4126 meum
1288 4060 1324 4126 in
1350 4063 1490 4130 natando

316 4195 414 4244 manu
440 4179 547 4244 vestra
573 4175 752 4243 sustentari.
798 4173 1018 4242 Providentiae
1044 4176 1143 4260 igitur
1167 4182 1291 4245 vestae
1318 4179 1355 4245 in
1381 4179 1432 4247 bis
1458 4185 1491 4248 et

389 4331 410 4366 ι.
422 4317 553 4366 ablatorem
566 4317 744 4380 presentiumut
756 4319 825 4366 stiam
837 4318 1085 4378 latorempresentinm
1097 4336 1116 4366 c.
1148 4319 1171 4366 b.
1183 4321 1286 4368 cto-,e
1316 4323 1491 4384 apstientmc.

389 4406 415 4461 1.
433 4421 460 4462 v.
479 4420 522 4476 ep.
534 4406 587 4462 46³
605 4421 688 4476 supra
704 4422 732 4477 p.
744 4405 806 4462 oet.
876 4406 904 4462 2.
921 4403 1070 4477 Stephano.
