3117 4859
320 222 392 296 208
659 242 808 291 wmlnm
829 241 1016 292 norsuomn
1037 242 1091 288 rer.
1109 242 1162 289 ms.

238 388 308 445 1148
325 384 444 451 tatione
471 382 527 449 diu
547 384 667 470 perfrui
690 404 822 451 merear.
858 384 977 451 Verum
999 390 1117 471 quanto
1138 386 1261 452 fervore
1283 389 1422 451 casuum
1439 403 1483 451 re

326 502 450 588 quiram
476 502 685 587 presentiam,
720 502 891 569 adveutum
918 502 1109 588 desiderem,
1141 523 1205 570 nou
1232 502 1326 569 credo
1355 508 1485 568 vestrm

325 618 471 701 ignorare
494 618 668 704 scientiam,
692 620 811 707 quippe
833 621 921 686 cuius
945 626 977 686 et
999 624 1158 687 sustentor
1179 619 1296 687 auxilio
1311 625 1344 686 et
1359 618 1486 685 delector

325 734 465 801 consilio.
555 736 604 803 De
632 757 669 804 eo
697 742 818 820 sutem,
846 736 930 822 quod
952 736 1032 802 mihi
1053 736 1251 820 iniunxistis,
1279 742 1316 802 ut
1337 734 1488 802 Godinum

325 850 364 917 de
386 850 514 919 Bersiez
537 853 723 919 villicationi
744 854 778 918 in
801 852 956 937 Lemgum
977 855 1189 939 imponerem,
1217 856 1405 939 preceptum
1425 852 1489 937 qui-

325 967 398 1034 dem
419 975 561 1036 restrum
582 970 709 1037 rusticis
733 971 928 1055 annuntiavi,
952 976 1001 1038 set
1022 970 1153 1037 minime
1175 970 1317 1037 obtinere
1336 970 1438 1056 potui,
1457 974 1491 1034 ut

325 1085 460 1153 eundem
471 1084 654 1169 G(odinum)
669 1088 855 1174 reciperent,
871 1108 970 1173 usque
985 1087 1026 1153 ad
1043 1092 1167 1154 vestrae
1182 1087 1362 1174 presentiae
1377 1087 1491 1151 discus-

325 1202 455 1269 sionem.
491 1201 571 1269 (lum
598 1224 672 1271 vero
699 1204 866 1288 instarem,
894 1209 931 1269 ut
957 1204 1055 1270 iussio
1082 1208 1189 1271 vestra
1209 1202 1413 1299 impleretur,
1441 1202 1492 1269 ad·

325 1324 471 1385 vocatum
493 1319 653 1401 adierunt3
677 1326 710 1387 et
731 1321 778 1386 sic
800 1322 922 1404 omnia,
945 1341 1009 1387 non
1031 1326 1137 1387 tamen
1160 1321 1230 1388 sine
1251 1341 1368 1405 magno
1391 1340 1494 1387 rerum

325 1440 505 1501 nostrarum
532 1436 683 1523 dampno,
713 1435 813 1503 dilata
834 1442 909 1503 sunt
930 1443 963 1503 et
985 1438 1178 1504 contentiose
1199 1436 1311 1504 relicta
1331 1458 1435 1523 usque
1457 1436 1493 1502 ud

259 1636 266 1653 ἢ
325 1557 463 1619 vestram
490 1554 692 1640 presentiam.
783 1554 939 1642 Quicquid
966 1560 1074 1621 tamen
1101 1554 1152 1621 vel
1179 1554 1296 1641 scripto
1324 1554 1381 1621 vel
1402 1554 1493 1621 verbo

325 1669 403 1735 milui
431 1670 670 1755 mandaveritis,
699 1690 757 1753 ego
784 1671 957 1759 adimplere
980 1692 1038 1759 pro
1060 1691 1154 1759 posse
1177 1677 1209 1740 et
1229 1692 1322 1738 nosse
1345 1691 1420 1737 meo
1441 1691 1494 1758 pu-

325 1791 412 1853 ratus
435 1806 515 1853 sum.
549 1786 599 1853 De
621 1792 723 1855 cetero
747 1786 786 1854 de
803 1790 964 1874 pasnagiis
974 1785 992 1873 ¹,
1014 1809 1073 1875 pro
1089 1788 1202 1873 quibus
1218 1788 1297 1853 mihi
1311 1789 1494 1874 scripsistis,

323 1909 360 1969 ut
382 1904 540 1988 exigerem
563 1908 595 1970 et
614 1909 855 1990 comportarem,
877 1924 980 1991 pauca
994 1904 1121 1990 quidem
1137 1909 1220 1988 suut,
1243 1910 1292 1971 set
1306 1905 1422 1971 eadem
1437 1924 1495 1970 non

325 2018 427 2085 solum
449 2020 561 2086 devote
584 2026 616 2087 et
638 2020 770 2087 sollicite
793 2023 921 2105 exigam
942 2027 992 2087 set
1014 2022 1111 2088 etiam
1132 2020 1266 2087 fideliter
1287 2021 1494 2105 congregabo

324 2133 552 2203 Paternitatem
579 2142 717 2205 vestram
744 2138 835 2205 nobis
859 2145 892 2206 et
914 2138 1083 2206 aecclesiae
1104 2143 1231 2204 nostrae
1252 2136 1366 2204 utilem
1388 2138 1495 2204 multis

325 2252 416 2319 annis
439 2252 524 2320 Deus
547 2252 737 2321 incolumem
759 2275 945 2322 conservare
968 2255 1123 2339 dignetur.
1159 2254 1271 2321 Amen.

329 2464 415 2536 132.
435 2468 475 2534 H.
494 2468 661 2535 monachus
677 2470 867 2536 stabulensis
887 2471 1029 2537 Wioaldo
1052 2473 1090 2536 de
1111 2492 1170 2535 sua
1193 2493 1268 2556 erpo
1290 2494 1361 2534 mem
1380 2474 1496 2557 pietate

436 2598 465 2651 ct
487 2588 659 2653 odedientia
680 2589 853 2673 respondet.
1332 2584 1390 2666 (M
1411 2584 1494 2665 111.)

236 2726 306 2781 1148
412 2718 676 2787 Reverentiesimo
703 2720 789 2806 patri
817 2739 875 2785 suo
904 2726 937 2787 et
964 2719 1090 2786 domiuo
1119 2718 1290 2801 W(ibaldo)
1322 2717 1495 2786 venerabili

326 2835 520 2903 Stabulensis
544 2836 713 2903 aecclesiae
736 2836 843 2903 abbati
865 2838 997 2921 exiguus
1012 2837 1064 2922 H,
1088 2836 1237 2923 quioquid
1258 2840 1348 2902 tanto
1371 2856 1411 2901 ac
1432 2841 1495 2901 tam

324 2952 438 3019 dilecto
461 2954 546 3039 patri
568 2952 697 3019 humilis
719 2952 813 3019 debet
833 2954 1005 3021 monachus
1029 2958 1061 3020 et
1083 2952 1214 3021 devotus
1236 2951 1328 3019 lilius.

413 3067 529 3154 Lectis,
553 3070 769 3136 amentissime
790 3076 891 3157 pater,
915 3070 1091 3136 sanctitatis
1106 3074 1230 3137 uestrae
1244 3070 1375 3136 monitis
1382 3065 1405 3153 ¹,
1429 3070 1495 3156 qui·

325 3183 383 3252 bus
406 3206 510 3252 meam
532 3186 729 3272 impericiam
743 3188 910 3271 instruere,
933 3186 1087 3255 desidiam
1101 3187 1298 3271 redarguere,
1321 3186 1495 3253 stulticiam

324 3302 552 3388 reprehendere
576 3303 721 3387 dignatrns
745 3304 832 3387 estis,
854 3303 954 3369 multo
976 3303 1116 3389 repletus
1139 3324 1210 3369 sum
1228 3303 1352 3387 gaudio,
1379 3304 1494 3389 quippe

325 3418 379 3503 qui
401 3418 482 3484 nihil
504 3440 554 3485 me
578 3440 645 3485 esse
668 3421 778 3504 fateor,
801 3421 865 3487 nisi
887 3420 1038 3505 quamdiu
1061 3426 1200 3487 avestra
1215 3420 1435 3505 magnitudine
1449 3418 1494 3485 di-

323 3534 391 3618 ligi,
413 3536 523 3619 foveri,
547 3537 717 3603 sustentari
738 3556 871 3603 mereor.
910 3536 992 3614 Quia
1012 3538 1111 3620 igitur
1132 3557 1247 3623 parvas
1269 3538 1368 3603 immo
1392 3536 1493 3602 nullas

325 3650 492 3737 aliquando
516 3654 629 3719 vestris
651 3653 760 3719 multis
784 3652 942 3719 beneficiis
962 3673 1201 3739 recompensare
1215 3660 1326 3740 potero
1341 3654 1440 3738 vices,
1461 3653 1493 3717 in

324 3768 382 3835 hoc
409 3768 521 3837 saltem
543 3790 648 3837 meam
670 3771 754 3836 circa
775 3775 915 3837 vestram
937 3770 1154 3837 celsitudinem
1177 3771 1384 3856 experiemini
1408 3770 1493 3837 beni-

324 3884 509 3969 volentiam,
534 3886 617 3972 quod
639 3886 738 3971 vobis,
765 3887 917 3973 quamdiu
938 3908 1097 3973 superero,
1121 3887 1199 3953 artis
1220 3908 1310 3953 meae
1333 3887 1491 3973 obsequio,

325 4001 385 4069 etsi
418 4002 523 4069 minus
557 4003 716 4089 celeriter,
748 4003 860 4071 devote
886 4009 994 4071 tamen
1022 4010 1054 4072 et
1080 4004 1319 4087 infatigabiliter
1345 4006 1489 4072 serviam

325 4118 422 4186 Aliud
445 4119 529 4185 enim
552 4120 587 4187 in
608 4140 745 4207 persona
765 4141 838 4188 mea
858 4122 981 4205 nescio,
1007 4120 1091 4207 quod
1112 4127 1236 4189 vestrae
1257 4121 1382 4207 placeat
1403 4119 1490 4187 celsi·

325 4234 436 4302 tudini.
472 4234 521 4304 De
549 4242 651 4303 cetero
681 4238 770 4303 iuxta
799 4238 1021 4304 admonitionis
1050 4243 1174 4304 vestrae
1196 4238 1408 4322 diligentiam,
1435 4235 1489 4302 otii

397 4368 421 4422 1.
440 4366 544 4424 tributo
562 4370 675 4440 saginae
692 4384 839 4439 porcorum
857 4370 995 4440 imposito.
1066 4370 1091 4439 2.
1116 4386 1142 4425 v.
1162 4385 1207 4439 ep.
1220 4370 1270 4425 127
1289 4384 1374 4439 supra
1390 4386 1417 4438 p.
1430 4366 1487 4423 205.
