3117 4859
445 268 595 319 umnam
615 267 780 318 nemnem
802 266 856 315 ser.
1168 252 1234 319 975

66 411 291 479 monasterinm
323 416 467 478 nostrum
494 432 594 497 usqne
622 412 663 478 ad
688 410 830 477 futuram
857 410 1022 497 autumpni
1049 411 1234 498 tenporiem
1261 416 1332 473 1150

64 528 167 595 redire
190 548 264 611 egre
285 527 474 615 permiserit
551 528 683 595 Interim
703 523 809 594 misit¹
830 528 1017 612 magistrum
1039 526 1232 613 Heinricnm,
1249 494 1346 614 nii'io

64 644 169 711 curiae
202 664 278 711 suae
308 645 483 729 notarium,
516 644 621 711 virum
653 644 829 731 sapientem
863 649 895 711 et
923 643 1057 731 probum
1086 649 1119 710 ot
1144 642 1234 711 vobis

64 760 192 826 omnino
218 758 452 843 fidelissimum
482 770 577 846 quern
602 765 639 826 nt
660 760 790 828 bunede
812 760 991 847 suscipiatis
1014 766 1046 827 et
1068 757 1234 828 efficaciter

63 896 101 943 ae
126 876 271 944 celeriter
292 877 478 961 dimibafis,
507 898 547 943 ex
568 875 782 943 habundanti·
804 876 960 943 eredimus
983 896 1066 961 esse,
1095 881 1233 944 vestram

63 1013 158 1080 super
184 993 244 1059 hoe
265 992 468 1080 prudentiam
491 998 522 1059 et
543 993 772 1077 benignitatem
793 992 988 1061 submonere.
1031 992 1233 1061 veneramus

62 1110 103 1175 sd
124 1130 181 1177 vos
203 1109 428 1195 desideranter,
450 1129 514 1176 non
536 1109 639 1176 solnm
660 1130 720 1197 pro
734 1109 852 1177 bonore
868 1114 900 1177 et
913 1108 1050 1177 utilitate
1065 1108 1233 1178 aecclesiae

63 1225 124 1294 Dei
145 1231 178 1292 et
201 1226 328 1313 imperii
349 1225 495 1310 Romani,
517 1245 628 1291 rerum
650 1226 746 1292 etiam
768 1231 806 1292 ιιι
826 1225 939 1293 taciem
961 1230 1114 1310 raabam,
1137 1246 1232 1311 qnam

62 1341 146 1409 sient
158 1341 282 1409 vultum
297 1341 402 1425 angeli
417 1342 587 1426 intuemur,
610 1360 738 1409 eernere
760 1362 962 1425 mereremur,
986 1345 1018 1409 et
1038 1340 1151 1408 humili
1166 1362 1232 1409 ser-

61 1478 154 1524 mone
181 1458 316 1543 quedam
338 1463 462 1525 vesum
490 1456 697 1525 excellentiae
719 1478 974 1543 suggereremus,
1004 1477 1084 1544 qnae
1106 1458 1232 1545 seriptis

61 1574 257 1641 summittere
289 1594 354 1641 non
386 1574 599 1661 presumimus
631 1580 699 1641 tum
732 1580 863 1661 prepter
896 1575 1001 1641 varios
1034 1578 1066 1641 et
1096 1575 1233 1643 incertos

61 1696 193 1758 eventus
214 1710 338 1775 rarum,
360 1694 429 1757 tum
451 1710 492 1757 ne
513 1691 548 1757 in
570 1691 685 1757 arduas
707 1691 915 1758 starchanas
937 1710 988 1759 res
1010 1692 1098 1757 etin
1120 1692 1233 1759 secreti

59 1808 159 1875 vestri
173 1807 365 1893 protundum
379 1827 438 1874 nos
455 1813 574 1874 temere
590 1813 623 1874 et
635 1808 814 1894 importune
828 1808 971 1893 ingerere
986 1806 1230 1875 estimaremnr'.

60 1922 237 1991 Peticiones
266 1928 410 2008 nostrae,
439 1944 519 2010 quae
547 1924 582 1989 in
611 1924 738 2010 seriptis
765 1923 934 2008 habentur,
962 1929 999 1990 ιιι
1026 1924 1233 1993 aelementis

60 2046 168 2109 sesua
176 2039 422 2108 misericorditer
432 2040 652 2124 exandiantur,
662 2039 825 2106 humiliter
835 2038 1056 2126 imploramus3
1073 2042 1231 2127 queniam,

59 2158 123 2224 nini
158 2157 199 2223 ad
231 2156 356 2224 labores
387 2155 586 2224 Corboiensis
622 2154 792 2223 aecclesiae
823 2155 1002 2222 tolerandos
1035 2156 1232 2225 benedictam

59 2292 191 2341 manum
213 2273 326 2339 anxilii
339 2274 439 2339 vestm
459 2278 587 2339 nostrae
600 2271 855 2360 pusillanimitati
868 2273 1084 2358 porrexeritis,
1108 2273 1233 2341 avolare

58 2408 116 2455 nos
144 2393 272 2474 oportet
299 2394 332 2456 et
357 2389 554 2475 requiescere
580 2409 601 2454 a
621 2388 883 2476 pusillanimitate
906 2388 1036 2475 spiritus
1060 2393 1093 2454 et
1113 2392 1233 2474 tempe-

59 2500 170 2572 state⁸.
206 2505 412 2573 Sanctitatem
428 2511 567 2572 vestram
589 2506 630 2572 ad
651 2506 794 2589 regimen
816 2503 985 2571 aecclesiae
1007 2502 1177 2571 catholicas
1199 2504 1233 2570 in

58 2620 156 2707 longa
176 2626 321 2709 tempora
340 2622 402 2689 Dei
423 2622 642 2690 misericordia
662 2640 847 2688 conservare
869 2620 1024 2704 dignetur.

565 2738 726 2748 ——-—

147 2790 338 2873 W(ibaldns)
361 2790 458 2859 abbas
473 2790 671 2858 corbeiensis
694 2789 785 2876 petit,
808 2794 845 2855 nt
865 2788 998 2855 domnus
1017 2808 1103 2876 papa
1117 2786 1234 2855 scribat

58 2906 234 2990 Hteinrieo)
251 2906 409 2974 llindensi
431 2910 589 2995 episeopo,
613 2905 762 2992 quatinus
785 2904 852 2972 sine
873 2926 963 2972 mora
977 2904 1233 2971 Kaminateneem

59 3024 245 3092 aecclesiam
266 3024 462 3108 reconciliet,
490 3044 586 3110 quam
607 3022 678 3089 ideo
700 3020 854 3109 pollutam
876 3042 945 3088 esse
966 3020 1127 3104 iudicavit,
1150 3019 1233 3105 quod

57 3162 137 3227 puer
161 3160 242 3206 unns
263 3140 445 3224 monachus,
469 3139 544 3205 dnm
566 3140 601 3204 in
622 3138 821 3205 resarciendo
845 3142 927 3204 tecto
946 3137 1114 3205 aecclesiae
1132 3136 1233 3203 archi-

57 3257 150 3324 tectis
172 3255 407 3340 subministrat,
431 3254 470 3322 de
492 3254 628 3322 eulmine
650 3254 685 3320 in
707 3254 924 3341 pavimentum
947 3250 1116 3321 aecclesiae
1138 3252 1233 3320 colla·

57 3394 135 3459 psus
159 3377 208 3439 est
230 3378 262 3439 et
283 3372 330 3438 ita
351 3372 469 3458 absque
490 3370 557 3437 nlla
578 3371 740 3454 sanguinis
763 3368 915 3437 effusione
933 3366 1115 3454 extinetns⁴,
1140 3388 1233 3455 qnam

56 3510 115 3577 per
138 3488 214 3555 anni
235 3490 302 3555 iere
324 3489 466 3575 spacium
489 3486 693 3554 reconciliare
712 3485 830 3569 noluit3
855 3491 886 3554 et
901 3486 984 3573 qnod
999 3487 1038 3553 de
1053 3486 1233 3573 parrochia·

58 3606 108 3672 nis
139 3606 206 3672 suis
229 3604 394 3671 Tbiderieo
417 3603 456 3671 de
476 3602 640 3687 Riklinge,
669 3608 701 3669 et
721 3601 891 3670 Reinberto
915 3623 951 3670 ae
973 3602 1138 3669 Tbiderico
1159 3600 1233 3668 filiis

58 3722 142 3806 eins,
173 3720 226 3806 qni
253 3720 365 3808 predia
385 3719 620 3787 Kaminatensis
649 3715 819 3786 aecclesiae
847 3720 1047 3803 invaserunt,
1075 3718 1234 3784 iusticiam

57 3838 166 3923 faeiat,
187 3838 234 3904 ita
254 3840 301 3922 nt,
325 3838 352 3903 si
375 3837 459 3903 infra
480 3838 614 3921 triginta
634 3834 701 3902 dies
724 3840 798 3922 post
813 3841 958 3922 acceptas
973 3834 1094 3901 litteras
1109 3852 1233 3919 posses-

59 3955 164 4021 siones
197 3974 261 4020 non
290 3953 469 4019 dimiserint
496 3956 529 4018 et
556 3951 663 4019 ablata
687 3952 723 4019 in
749 3952 909 4036 integrum
936 3970 1000 4016 non
1027 3946 1232 4033 restituerint,

59 4070 376 4138 excommunicationi
398 4088 452 4136 eos
473 4066 618 4135 subiciat.

131 4217 154 4250 ι
174 4203 270 4250 habenti
285 4221 305 4248 e.
1059 4220 1065 4233 ·

131 4290 158 4342 1.
181 4288 216 4346 V.
240 4302 285 4358 ep.
301 4289 355 4345 248
378 4304 462 4358 supra
482 4304 510 4357 p.
527 4288 587 4343 371.
695 4287 722 4342 9.
745 4284 789 4343 (lt.
813 4300 857 4355 ep.
876 4284 928 4339 959
951 4280 1023 4339 infra
1045 4299 1072 4353 p.
1091 4282 1154 4339 377.
1171 4282 1233 4339 378.

59 4378 87 4433 3.
104 4377 153 4433 Pe.
164 4377 209 4448 bt,
227 4378 243 4433 7
261 4383 292 4434 et
308 4379 336 4433 9.
405 4378 433 4434 t.
451 4375 497 4433 die
514 4377 551 4432 20
567 4375 636 4447 Apr.
650 4376 729 4432 1149.
753 4376 789 4431 V.
801 4390 845 4445 ep.
859 4374 911 4429 169
929 4388 1014 4447 supra
1031 4388 1059 4447 p.
1072 4370 1134 4431 989.
