3117 4859
303 360 305 367 ι
349 274 415 345 248
726 291 877 341 wmsnm
897 290 1062 341 urrsnona
1085 288 1138 339 uso.

182 441 341 500 1147-1148
350 436 444 505 etiam
467 432 665 503 familiariter
688 438 782 521 atque
803 436 838 501 in
859 434 929 501 cibo
952 440 986 501 et
1005 438 1083 521 potu
1106 437 1139 500 et
1158 452 1269 501 somno
1290 438 1436 520 tanquam
1454 454 1502 502 cu·

350 552 471 620 stodem
494 551 635 638 corporis
657 550 840 636 habuimus,
869 570 963 638 quem
985 551 1080 619 etiarn
1103 549 1237 635 bonore,
1265 552 1457 637 possessione
1476 558 1505 620 et

349 668 479 735 honesto
494 668 694 735 matrimonio
710 666 957 735 sublimavimus.
1025 665 1162 734 Puerum
1177 667 1333 753 quendam
1347 666 1507 754 rebqueuat

350 784 509 869 Gorbeiae,
531 782 631 853 filium
654 785 772 851 sororis
795 804 881 869 suae,
903 784 959 853 illo
973 783 1149 851 natimtatis
1171 784 1282 851 ordine
1303 784 1450 869 genitum,
1471 786 1508 853 de

350 922 411 987 quo
433 901 518 985 leges
542 906 574 967 et
594 904 721 989 patrum
743 901 890 968 instituta
911 901 1093 984 decernunt,
1116 905 1153 965 ut
1169 900 1205 966 in
1220 900 1387 985 ergastulis
1406 922 1508 969 mona·

350 1018 517 1087 steriornm
539 1016 585 1085 sic
607 1019 749 1105 concepti
771 1017 984 1101 retrudantur,
1007 1036 1101 1103 quem
1114 1016 1185 1104 ipse
1199 1017 1235 1084 in
1248 1018 1438 1086 monasterio
1450 1018 1508 1085 col

349 1134 453 1201 locare
474 1134 672 1220 nequiverat3
696 1138 745 1202 set
765 1154 824 1201 nos
847 1153 919 1201 eum
939 1133 1057 1199 intuitu
1071 1133 1197 1200 diuinae
1216 1134 1431 1203 retributionis
1445 1142 1510 1203 ton·

350 1255 491 1318 soratum
514 1255 547 1317 et
568 1252 765 1318 vestimentis
783 1249 910 1335 segniae
931 1250 1077 1316 indutum
1099 1248 1230 1334 collegio
1250 1251 1385 1318 fratrum
1407 1272 1509 1337 aggae

263 1377 332 1434 1148
349 1368 502 1453 gerimus.
588 1366 721 1446 Quidam
745 1388 785 1435 ex
807 1368 864 1452 eis,
887 1366 1000 1453 quibus
1022 1386 1124 1453 nuper
1144 1367 1363 1435 reconciliatus
1385 1374 1444 1452 est,
1465 1367 1511 1435 cni

349 1484 529 1571 frequenter
549 1482 668 1568 legatos
692 1484 817 1569 dirigit,
845 1484 935 1569 gravi
956 1502 1029 1549 enm
1050 1482 1241 1566 ignominiae
1263 1486 1401 1552 cauterio
1424 1485 1511 1553 edus

351 1606 449 1688 serat,
478 1600 631 1688 quaedem
658 1600 731 1668 edes
760 1620 861 1688 prope
882 1600 1109 1667 monasterium
1130 1599 1318 1667 destruendo
1341 1606 1375 1668 et
1394 1602 1511 1671 inbabi-

350 1723 454 1787 tantas
476 1718 511 1785 in
535 1718 579 1784 eis
603 1717 641 1785 ab
663 1716 810 1802 ingressu
830 1718 1015 1784 monasterii
1037 1716 1186 1798 arcend03
1210 1736 1304 1802 quam
1317 1723 1511 1803 ueternum,

349 1835 554 1902 humanitatis
583 1832 771 1901 verecundia
799 1833 966 1918 suadente,
997 1832 1123 1900 abolere
1148 1832 1375 1903 festinavimus.
1427 1835 1513 1903 Hunc

350 1951 453 2019 locum
468 1951 685 2019 erubescentes
701 1956 796 2036 atque
810 1954 992 2019 cunctantes
1007 1949 1191 2034 attingimus
1204 1956 1335 2038 propter
1348 1951 1430 2019 illud
1444 1972 1512 2040 apo

351 2067 439 2135 stoli:
464 2068 672 2137 Comum
687 2072 844 2156 reiparte,
868 2081 998 2134 metue
1013 2062 1202 2155 temptet-ie&
1225 2072 1271 2134 ot:
1295 2069 1448 2151 Quietae,
1470 2074 1512 2136 ci·

351 2188 424 2252 dect
443 2208 482 2252 nc
504 2180 623 2253 esdad.
669 2184 748 2251 Illud
763 2206 849 2269 vero,
872 2184 957 2271 qnod
977 2182 1053 2251 licet
1069 2202 1185 2250 munus
1199 2183 1304 2269 fuerit,
1326 2206 1391 2253 non
1411 2192 1513 2253 tamen

352 2300 482 2369 tnobis
506 2299 689 2369 beneficium
711 2307 891 2389 reputatur,
915 2300 1161 2389 pretereundum
1180 2306 1344 2387 putamus,
1371 2302 1513 2371 videlieet

235 2438 290 2487 nee.
304 2438 335 2487 ae
351 2418 433 2505 qnod
457 2418 476 2485 d
497 2418 588 2487 nobie
609 2418 743 2485 vestitus
765 2418 828 2485 fuit
848 2418 968 2485 cunctis
991 2417 1168 2504 duplicibus
1192 2417 1301 2505 eadem
1323 2419 1391 2504 die,
1415 2419 1513 2507 quat

351 2535 526 2603 summissis
548 2534 724 2602 latronibus
746 2536 846 2601 vitam
867 2535 934 2603 fere
955 2554 1028 2602 cnm
1050 2533 1179 2601 caballis
1200 2535 1373 2603 amisimus.
1443 2536 1511 2602 Pro

350 2658 461 2739 pterea
482 2651 667 2720 detestanda
688 2657 737 2720 est
759 2652 904 2735 ambicio,
927 2670 1007 2738 quae
1028 2651 1144 2719 mentis
1159 2651 1283 2719 oculum
1298 2659 1416 2738 meoet,
1439 2672 1512 2740 qnae

351 2768 512 2854 religionis
533 2768 684 2836 intuitum
706 2769 859 2853 tenebrat
882 2788 963 2855 quae
984 2766 1045 2834 Dei
1066 2768 1213 2835 timorem
1235 2772 1267 2835 et
1288 2768 1452 2837 bominum
1467 2790 1512 2837 re·

350 2887 524 2954 versutiam
547 2885 698 2953 annullat.
767 2884 794 2952 Ο
818 2885 950 2953 altitudo
973 2885 1073 2953 divini
1094 2886 1232 2953 consiliii
1278 2884 1305 2952 0
1327 2887 1511 2973 profundum

350 3002 542 3070 iustissimae
563 3002 796 3090 providentiae!
842 3002 869 3069 Ο
891 3002 1125 3087 investigabiles
1146 3003 1218 3069 viae
1238 3001 1314 3069 Deil
1355 3000 1443 3069 Dum
1461 3002 1511 3068 ho

351 3138 461 3187 norem
479 3119 596 3185 conscii
615 3118 797 3203 fragilitatis
816 3119 975 3203 reicimus,
998 3119 1128 3187 consilio
1143 3119 1250 3187 divino
1264 3118 1424 3205 capimn13
1447 3138 1510 3185 cum

353 3235 394 3302 ad
416 3236 554 3321 quietem
574 3235 630 3302 diu
644 3236 855 3303 desideratam
869 3239 902 3302 et
915 3255 1047 3323 corpore
1060 3243 1093 3304 et
1106 3236 1211 3304 animo
1225 3235 1395 3320 tendimns,
1418 3242 1511 3303 aeter-

352 3372 411 3418 nae
421 3351 638 3439 providentiae
648 3352 765 3419 indicio
779 3352 903 3419 labores
918 3353 1151 3421 inextricabiles
1167 3359 1200 3420 et
1213 3354 1325 3420 anxios
1339 3353 1510 3434 incidimus,

353 3472 385 3535 et
399 3468 432 3534 in
447 3468 506 3535 bac
520 3468 573 3535 via
586 3469 726 3554 Domini,
749 3488 821 3536 cnm
836 3488 989 3555 amamus,
1012 3471 1120 3538 odium
1133 3470 1314 3557 recipimus,
1336 3490 1410 3537 cum
1423 3471 1509 3537 mise·

352 3606 469 3671 remur,
491 3584 669 3671 affligimur.
703 3585 911 3654 Accusatores
933 3586 1061 3673 quidam
1084 3592 1116 3655 et
1136 3592 1233 3655 testes
1255 3592 1349 3673 atque
1368 3605 1509 3673 coopera-

352 3710 436 3771 tores
458 3703 664 3790 depositionis
686 3702 823 3770 bominis
844 3703 931 3770 illius
953 3702 1066 3771 elisum
1086 3704 1287 3789 recolligunt,
1316 3704 1390 3771 odia
1410 3704 1508 3770 incen-

353 3820 440 3905 dunt,
464 3826 588 3887 armant
609 3822 683 3905 iras,
706 3821 975 3908 presumptionem
997 3821 1157 3907 roborant,
1178 3841 1243 3889 non
1261 3821 1336 3908 qnia
1350 3840 1423 3888 eum
1443 3818 1508 3887 dili·

352 3941 440 4023 gunt,
462 3943 511 4004 set
532 3938 607 4023 quia
627 3938 690 4025 ipsi
711 3938 846 4023 inquieti
866 3942 950 4005 sunt.

441 4053 530 4133 Quod
545 4057 648 4121 autem
663 4056 770 4121 vestm
783 4054 917 4121 eruditio
935 4054 1072 4141 scripsit,
1094 4059 1131 4121 ut
1144 4055 1209 4122 iam
1223 4074 1299 4142 sepe
1319 4054 1505 4120 nominatum

352 4171 483 4238 matrem
505 4170 539 4236 in
561 4170 733 4237 claustrum
752 4170 956 4258 professionis
971 4190 1047 4238 suae
1061 4170 1196 4256 benigne
1209 4171 1398 4259 recipiamus
1412 4176 1444 4238 et
1455 4188 1505 4257 pe·

353 4291 444 4354 terna
465 4286 676 4355 consolatione
696 4288 921 4357 contricionem
936 4287 1003 4355 eins
1019 4287 1209 4356 sublevando
1223 4288 1395 4374 foveamus,
1417 4304 1503 4374 quan-

424 4419 449 4473 1.
467 4417 557 4475 odat
570 4420 595 4489 c,
608 4420 633 4476 1.
703 4420 730 4475 a.
749 4418 901 4477 roseam.
915 4420 956 4490 (ο,
969 4418 1013 4475 rs.
