3117 4859
325 278 389 345 170
709 298 859 345 wmsum
877 296 1042 347 nunnoni
1063 298 1101 345 se

233 442 304 499 1148
322 458 417 524 quem
443 438 631 507 inmemores
658 439 787 527 pristini
813 438 943 509 effeetus
970 444 1003 506 et
1030 440 1169 507 siueeroe
1195 438 1372 507 dilectionis
1395 444 1487 526 etque

320 553 452 622 materni
478 556 609 640 umoris,
638 576 699 643 quo
721 576 779 623 nos
801 558 937 623 iuvieem
958 560 1066 623 tenere
1087 556 1271 641 dileximus,
1302 557 1437 623 visitare
1456 562 1488 624 te

321 674 353 737 et
375 670 527 737 oonsoluri
548 672 608 738 hoo
629 673 664 739 iu
685 678 827 761 tempore
850 672 1038 757 distulimus,
1062 673 1187 759 quondo
1209 673 1298 741 obest
1317 692 1487 757 gemtum

320 790 403 872 tuus,
421 786 528 872 regiae
544 788 649 856 eurise
671 788 875 857 oeueellarius
884 786 902 874 ¹,
926 790 976 856 sui
997 789 1121 874 generis
1135 786 1193 855 dos
1208 793 1241 855 et
1254 794 1487 874 oruamentum,

320 902 491 971 amisorum
520 925 647 972 suorum
676 905 820 973 columen
842 912 875 973 et
895 906 1003 973 tutele
1038 904 1261 990 Peregrinetur
1280 903 1337 973 ille
1359 905 1488 991 quidem

319 1025 351 1086 ot
371 1019 492 1087 buiulot
514 1040 638 1089 erueem
661 1043 751 1090 suam
773 1027 806 1089 et
828 1022 968 1108 sequitur
990 1022 1153 1097 Christum
1174 1040 1281 1105 suum,
1309 1020 1489 1108 iherosoly-

318 1154 403 1203 mem
430 1139 601 1224 potensin
630 1139 780 1206 eomitutu
809 1145 842 1206 et
868 1139 1016 1226 obsequio
1043 1138 1204 1205 karissimi
1233 1138 1354 1205 domiui
1383 1137 1437 1205 sui
1458 1143 1490 1205 et

317 1253 417 1319 nostri
438 1252 651 1322 Romanorum
678 1256 761 1340 regis
784 1250 975 1338 Olourudi)².
1014 1254 1102 1322 Dieit
1126 1274 1202 1339 ergo
1222 1274 1307 1321 uune
1335 1254 1490 1339 eogitutio

316 1374 387 1437 tue:
416 1369 517 1437 Homo
539 1373 605 1455 ide,
629 1375 716 1440 nodis
737 1373 917 1439 lassemur
945 1386 975 1439 et
999 1375 1034 1438 io
1060 1396 1188 1439 onmem
1206 1372 1350 1461 frahun
1371 1394 1489 1438 omo·

316 1487 392 1553 Rom
412 1499 568 1577 mopsos
591 1500 620 1554 et
640 1491 806 1577 ascriptos,
831 1500 973 1577 proemio
994 1489 1048 1554 5110
1069 1489 1193 1556 meles
1214 1498 1244 1555 et
1263 1488 1488 1555 summeium

309 1602 416 1688 fratre
449 1618 552 1669 oestro
582 1607 707 1673 domum
733 1617 872 1672 metrum
900 1605 1019 1671 colebat
1044 1615 1075 1671 el
1100 1626 1157 1669 ooo
1183 1606 1316 1670 assiduis
1341 1605 1490 1672 &meu

317 1720 480 1811 affatibus,-
502 1722 589 1787 nullu
611 1721 699 1789 nodo
719 1722 812 1787 modo
833 1723 926 1787 mittit
946 1722 1092 1809 aduenio
1126 1720 1237 1809 Itaque
1258 1732 1314 1787 out
1334 1732 1412 1787 toste
1426 1743 1491 1786 noe

291 1829 378 1925 'finit
409 1860 498 1903 verm
525 1840 655 1921 amima,
690 1840 862 1903 unimode
890 1848 934 1903 est
960 1838 1117 1924 myliqem
1141 1837 1190 1902 sel
1216 1836 1390 1903 obliviosus
1435 1836 1490 1904 Set

315 1976 405 2019 tenu
433 1976 522 2018 amor
548 1956 765 2042 escyliymtiom
789 1976 845 2020 seo
866 1955 1049 2021 obliuionem
1069 1976 1133 2019 ooo
1152 1954 1280 2040 resipit·
1307 1964 1408 2021 restat
1428 1955 1489 2040 ¹¹9⁸*-

316 2080 375 2151 sor,
397 2080 433 2135 ot
452 2070 612 2135 emautur
634 2081 664 2136 et
679 2094 741 2136 non
757 2070 874 2135 amieo
880 2068 991 2156 fussee
1018 2067 1177 2152 Ceterum,
1199 2087 1289 2135 soror
1301 2066 1488 2151 kmisdmr,

315 2186 343 2251 si
366 2184 406 2251 od
427 2185 580 2272 temporis
602 2184 693 2252 huius
717 2184 902 2271 quulitotem
924 2190 957 2253 et
975 2206 1038 2269 res,
1059 2186 1095 2252 iu
1109 2184 1223 2271 quibus
1237 2203 1417 2269 versemur,
1440 2184 1489 2251 di-

314 2300 449 2387 ligenter
472 2301 638 2389 inspicies,
669 2300 745 2368 heeo
767 2301 924 2367 eoeusetio
945 2306 1091 2368 tuntum
1112 2299 1237 2368 subtilis
1259 2306 1390 2386 tumque
1412 2320 1489 2388 pro·

314 2416 428 2485 babilis
449 2417 541 2485 leeile
564 2418 764 2504 eouquieoeit
833 2417 915 2485 Num
938 2438 979 2484 su
999 2437 1060 2504 quo
1075 2416 1209 2485 domnus
1222 2416 1487 2504 pupoEugeuius

313 2535 348 2603 iu
375 2541 483 2622 portes
505 2534 726 2619 Lotheringiee
754 2535 915 2621 pervenit,
942 2553 1019 2600 eure
1044 2533 1135 2601 nobis
1161 2538 1194 2600 et
1214 2533 1394 2601 sollicitudo
1417 2554 1487 2602 ms·

313 2652 401 2719 xime
426 2652 583 2736 incubuit,
614 2656 651 2719 ut
676 2670 728 2718 res
752 2649 948 2718 Stebuleusis
975 2650 1160 2717 monosterii
1183 2668 1244 2717 nee
1263 2670 1328 2717 uon
1349 2656 1385 2717 et
1408 2650 1488 2719 Gor·

313 2768 459 2853 beiensis,
482 2788 562 2855 quoe
583 2768 674 2835 uobis
691 2767 751 2835 Dei
772 2766 996 2853 preordinante
1016 2766 1183 2834 clementie
1197 2767 1384 2835 commissus
1399 2773 1486 2852 sunt,

313 2904 393 2971 quoe
416 2885 541 2953 assidue
563 2883 734 2972 apostolico
753 2888 847 2968 egent
859 2882 1009 2971 presidio,
1031 2883 1135 2951 modis
1149 2882 1395 2967 congruentibus
1410 2904 1486 2971 pro-

312 3000 506 3085 veheremus,
530 3006 624 3087 etque
645 3006 683 3068 ut
703 3000 840 3069 dominis
856 3020 974 3084 rorum,
996 3000 1113 3067 uoetrie
1131 3000 1241 3085 utique
1253 2999 1393 3084 regibus,
1417 3006 1486 3068 tom

312 3116 397 3205 petri
411 3137 505 3203 quem
518 3116 595 3201 filio,
618 3116 725 3185 debite
737 3115 891 3184 fidelitate
905 3116 1105 3200 seminemus,
1125 3121 1195 3184 tum
1209 3116 1307 3183 etium
1319 3121 1358 3185 ut
1371 3117 1485 3185 emitis

313 3252 350 3300 eo
371 3234 556 3301 ueoesseriio
577 3234 695 3301 neonis
718 3234 822 3301 studio
845 3238 878 3301 et
899 3253 997 3320 opere
1016 3232 1052 3300 iu
1066 3232 1132 3299 suis
1147 3216 1419 3319 oportunitatibus
1434 3254 1485 3301 es·

312 3349 503 3417 sisteremus.
538 3348 574 3416 lu
604 3370 665 3435 quo
692 3348 868 3418 difficilium
889 3368 997 3417 rerum
1018 3349 1182 3436 proposito
1200 3349 1331 3419 ,divinoe
1352 3348 1483 3436 pietsu's

311 3466 415 3551 gretie
439 3486 497 3533 uos
520 3466 665 3534 eomiteri
687 3467 817 3551 Quoto
838 3472 901 3551 est,
929 3466 1023 3533 utin
1044 3464 1132 3533 nullu
1152 3470 1245 3552 perte
1266 3466 1407 3553 suseepti
1428 3487 1484 3535 ue-

311 3583 389 3667 getii
410 3584 501 3649 veoui
515 3589 753 3651 reverteremur.
784 3582 912 3650 Etenim
927 3582 1076 3649 eeeleeiee
1089 3586 1217 3649 nostroe
1230 3601 1294 3650 uon
1309 3583 1420 3670 perois
1435 3584 1482 3650 iu-

312 3700 479 3767 crementis
495 3705 605 3767 suetae
620 3704 741 3766 suntet
756 3699 936 3785 apostolicis
951 3697 1125 3785 privilegiis
1138 3697 1314 3765 roboratae.
1381 3698 1482 3767 Porro

312 3820 345 3884 et
372 3814 406 3881 in
432 3815 537 3905 rebus
553 3816 643 3899 regui
670 3815 758 3883 dedit
782 3814 874 3882 uobis
897 3814 1005 3881 didus
1024 3814 1175 3881 muiestus
1196 3819 1395 3902 proventum.
1433 3816 1481 3883 Si·

313 3932 439 4019 quidem
467 3932 623 3998 iuniorem
651 3932 813 3999 dominum
841 3936 985 3999 nostrum
1009 3951 1117 4015 rogem
1140 3931 1274 4017 quodum
1295 3951 1361 3999 nou
1382 3932 1480 4000 exiles

312 4068 466 4135 personne
495 4048 535 4114 ud
564 4047 641 4115 haee
668 4048 775 4115 dedite
802 4068 899 4135 opera
924 4046 1134 4135 inpellebsut,
1167 4049 1266 4116 utin
1292 4049 1480 4135 quibusdem

314 4164 464 4232 domnum
485 4184 603 4251 popum
620 4162 793 4232 offenderet
806 4169 840 4230 et
852 4164 1011 4231 eunonieis
1025 4164 1160 4233 deoretis
1174 4165 1356 4233 ooumuiret
1391 4164 1480 4245 Quod

314 4298 355 4347 ue
376 4278 476 4364 fieret,
499 4280 560 4347 Dei
575 4280 754 4366 lurgirdm
775 4281 916 4348 bonitate
931 4286 964 4347 et
976 4284 1085 4348 nostro
1100 4280 1206 4349 studio
1219 4286 1407 4368 preventum
1422 4286 1477 4365 est,

386 4410 411 4467 1.
429 4408 578 4467 melum
648 4412 674 4467 e.
693 4408 737 4467 os.
755 4410 864 4467 ottone
880 4411 999 4483 oneng.
1018 4411 1104 4469 uae
1120 4412 1293 4473 nummu
1311 4414 1343 4471 L
1357 4413 1380 4471 1.
1398 4427 1422 4473 e
1435 4413 1475 4469 ou
