3117 4859
446 266 595 313 wmnrmr
614 264 780 315 reserens
804 264 858 312 1sr.
1166 250 1234 315 283

66 410 237 494 sustensi
259 428 323 475 non
345 413 467 477 emetur
489 408 585 475 Deus.
617 408 717 487 Quem
739 409 766 475 si
789 406 1036 493 cognoverimus,
1058 408 1325 475 simondensis

65 526 169 592 secuti
190 525 341 591 fuerimus
364 530 397 591 et
418 524 576 611 sequendo
598 524 761 612 adipsum
774 524 1021 610 pervenerimus,
1043 544 1116 591 eum
1131 526 1238 591 ornnia

4 688 5 691 ,
64 642 188 709 sciente
216 642 322 708 omnia
349 643 494 708 soiemns.
533 640 580 708 Ibi
608 641 745 707 rustinus
773 646 806 706 et
829 638 998 707 illiteratus
1021 645 1053 707 et
1075 646 1165 708 eoute
1186 642 1235 707 in-

4 770 15 823 1.
64 759 176 825 veniet
203 763 236 824 et
261 758 418 825 subtiliter
445 757 597 825 indicabit
626 762 659 823 et
687 757 813 844 eopiosa
840 756 982 823 disseret.
1018 756 1064 823 Et
1088 756 1166 823 baeo
1188 761 1238 823 est

3 887 6 930 t
64 896 144 942 vera
172 874 312 942 discendi
340 874 407 959 via,
438 893 517 958 quae
543 872 584 939 ad
606 892 673 939 esse
696 872 798 958 dueit,
828 873 975 959 quonism
996 872 1123 959 quidem
1144 892 1237 939 omne

3 1006 8 1047 ³
64 990 187 1057 animal
214 1010 278 1057 non
308 1010 376 1057 esse
402 988 560 1057 formidat.
651 988 694 1056 Te
722 989 820 1073 igitur
840 1009 968 1073 moneo,
996 993 1028 1055 te
1049 988 1172 1075 hortor,
1199 994 1237 1055 ut

62 1107 155 1192 legas
185 1112 218 1175 et
238 1126 303 1172 non
323 1105 481 1190 negligas3
509 1106 595 1190 legas
618 1105 715 1173 libros
738 1110 770 1173 et
791 1126 855 1173 non
876 1104 1016 1190 negliges
1036 1125 1150 1172 mores.
1184 1105 1235 1171 In·

3 1242 10 1282 ι·
63 1223 213 1291 tellectus
237 1222 336 1289 bonus
360 1221 503 1288 omnibns
520 1222 707 1289 facientibus
723 1218 822 1289 euml
857 1220 983 1305 Servus,
1007 1222 1108 1288 solens
1125 1220 1236 1287 volun·

3 1357 11 1400 z
64 1345 166 1407 tatem
191 1339 308 1406 domini
331 1340 381 1405 sui
404 1344 436 1405 et
456 1358 521 1405 non
542 1339 670 1422 leniens,
694 1336 797 1425 plagis
811 1338 992 1426 vapulabit·
1006 1333 1140 1405 multis'.
1175 1336 1236 1403 Po·

3 1475 11 1518 r
64 1462 170 1524 tentes
193 1460 339 1543 ponaer
360 1460 517 1521 tormenta
539 1448 723 1541 patientur⁸.

157 1572 310 1657 Argutias
339 1576 372 1637 et
396 1570 582 1659 sophisticas
605 1568 888 1655 eonolusiuneulus,
917 1590 994 1657 ques
1016 1567 1239 1637 Gunlidieusa

4 1709 12 1750 a
66 1688 213 1756 Gnalone
241 1688 376 1775 quodam
404 1693 531 1771 vocant,
561 1706 619 1755 neo
641 1687 801 1754 exercebis
823 1685 957 1772 superbe
978 1705 1037 1754 neo
1057 1690 1237 1754 contemnes

7 1828 11 1868 3
65 1808 206 1893 penitus.
241 1804 327 1871 Haeo
340 1803 518 1870 huiusmodi
536 1808 624 1869 sunt:
650 1803 743 1886 Quod
763 1826 829 1869 noo
841 1806 1019 1891 perdidisti,
1035 1804 1144 1882 labem
1166 1826 1236 1870 eor-

65 1948 132 1989 nuo
155 1936 260 1989 eutem
282 1944 345 1987 noe
356 1922 537 2008 perdidisti,
563 1944 681 1986 corneo
698 1944 771 2007 erpo
787 1921 896 1998 habeon
918 1920 1009 1985 item:
1033 1920 1109 1986 Mus
1123 1921 1239 1987 oilleba

3 2064 7 2102 τ
66 2054 126 2117 est,·
160 2062 233 2104 mse
263 2052 366 2104 aetem
392 2058 515 2102 eaeeom
542 2038 642 2114 rodim
676 2037 791 2102 sillabis
819 2059 891 2123 erpo
920 2058 1043 2102 naseam
1069 2040 1171 2115 rodit3
1205 2040 1239 2103 et

3 2178 12 2220 n
66 2154 296 2222 oontroversim
319 2154 439 2221 sentior
453 2151 509 2219 illa
524 2151 680 2219 oolleotio:
704 2155 779 2219 Mus
795 2154 910 2218 silebo
925 2166 984 2231 οδες
1007 2154 1122 2219 silebo
1136 2166 1239 2220 omen
1329 2193 1338 2201 -

67 2294 194 2339 meeum
215 2292 279 2337 non
301 2272 403 2348 rodim
424 2292 493 2335 mes
516 2292 588 2356 erpo
611 2292 734 2335 cassem
755 2290 820 2335 non
841 2271 935 2335 rodit

157 2386 334 2454 Mirabatur
357 2385 501 2451 dominns
523 2390 630 2452 noster
652 2384 840 2467 C(onradusl
860 2404 918 2452 rex
941 2404 988 2469 ea,
1011 2404 1091 2471 quae
1113 2386 1133 2451 i
1154 2384 1237 2452 litto

3 2529 12 2574 r
66 2505 147 2570 natis
176 2503 265 2586 vafre
280 2502 496 2584 'dioebnntur3
526 2507 572 2586 et,
597 2500 727 2589 probari
756 2520 820 2567 non
847 2520 956 2588 posse,
984 2500 1144 2568 bominem
1169 2520 1238 2568 esse

68 2621 210 2703 minum,
235 2619 347 2685 aiebat.
383 2616 512 2685 looundi
534 2638 658 2684 eremus
681 2618 716 2683 in
738 2617 892 2701 convivio,
915 2622 947 2684 et
968 2616 1111 2704 plerique
1132 2616 1238 2685 nobis—

3 2761 11 2806 ε
68 2756 140 2803 oum
161 2754 228 2801 non
249 2734 401 2801 illiterati.
435 2732 587 2801 Dioebam
610 2734 649 2819 ei,
672 2732 731 2800 boo
753 2733 788 2799 in
809 2752 915 2800 rerum
937 2738 1052 2800 natura
1066 2753 1130 2799 non
1144 2753 1238 2820 posse

3 2885 8 2923 r
68 2850 168 2934 efflei3
198 2855 247 2917 set
275 2872 313 2918 ex
343 2851 543 2917 consessione
569 2849 827 2934 indeterminata,
854 2868 986 2917 nascens
1013 2850 1127 2916 atvero
1149 2869 1237 2916 men·

3 2996 9 3038 n
68 2968 208 3052 datium,
235 2967 316 3034 false
340 2966 538 3034 oonolneione
566 2968 707 3051 astringi.
743 2966 822 3033 Cum
844 2986 908 3033 non
928 2965 1132 3051 intelligeret,
1159 2966 1237 3033 ridi-

69 3084 138 3151 eulo
170 3104 244 3150 eum
267 3083 459 3171 sophismate
481 3082 611 3149 adorsus
634 3104 717 3149 sum:
749 3084 852 3149 Unmn
872 3083 1001 3169 inquam
1023 3084 1140 3150 botos
1164 3108 1237 3151 oeae·

3 3237 7 3270 2
70 3202 155 3267 tamt
190 3199 278 3279 Quod
300 3220 372 3265 enm
395 3198 541 3285 dedisset,
564 3200 695 3267 subieoi:
720 3200 812 3266 Deos
834 3202 963 3285 inquam
983 3202 1087 3268 oeulos
1101 3202 1238 3268 hobab?

70 3316 160 3395 Quod
191 3336 261 3382 eum
290 3314 431 3383 absolute
460 3316 634 3400 mouisset,
665 3314 751 3383 Ueste
779 3316 908 3403 inquam
932 3330 960 3384 et
981 3320 1044 3383 deo
1067 3332 1128 3385 tres
1149 3332 1238 3396 sonte

4 3462 6 3501 r
71 3448 129 3501 tres
152 3437 255 3520 rpite
276 3433 381 3499 oeulos
404 3434 530 3498 babeo.
565 3430 682 3518 Captus
706 3432 794 3500 verbi
816 3431 1014 3500 cauillatione
1035 3434 1176 3519 iurabat,
1203 3455 1238 3502 se

4 3578 5 3617 l
71 3555 197 3617 tentum
219 3548 296 3615 duos
317 3548 441 3616 habere.
478 3546 584 3613 Multis
607 3553 714 3615 temen
736 3554 767 3616 et
789 3547 839 3615 his
859 3549 1014 3617 similibus
1028 3550 1238 3618 determinare

72 3666 192 3750 doetus,
214 3664 381 3733 ineundam
403 3666 502 3731 vitem
524 3664 648 3731 dioebat
669 3664 784 3732 hebere
805 3665 971 3733 litteratos.

160 3781 307 3849 Ceterum
329 3782 393 3867 fao,
421 3787 457 3847 ut
478 3780 555 3849 haee
578 3779 738 3848 exsolvere
760 3802 823 3848 nou
846 3785 1019 3869 possimus,
1049 3783 1132 3869 quod
1153 3783 1237 3871 peri-

72 3899 177 3965 eulum
205 3902 261 3964 aut
288 3899 371 3983 quod
399 3898 631 3965 incommodum
659 3898 749 3965 nobis
771 3899 920 3966 inminet!
954 3899 1003 3967 De
1030 3900 1169 3983 iusticie,
1197 3900 1239 3966 de

72 4016 201 4101 pietate7
225 4015 264 4081 de
285 4014 474 4099 ingelberta,
498 4014 537 4081 de
554 4014 707 4102 pudicitia
720 4020 854 4101 utreque
869 4049 910 4062 -
927 4021 959 4082 et
980 4015 1045 4100 ills,
1068 4017 1119 4082 oui
1140 4014 1237 4083 alieni

73 4132 213 4220 eorporis
235 4130 425 4197 abstinentia
447 4136 510 4217 est,
539 4136 571 4199 et
592 4130 666 4216 hae,
689 4132 740 4199 eui
762 4132 812 4199 sni
835 4152 910 4200 nura
932 4136 1042 4200 est-
1064 4131 1235 4219 disputatio

142 4294 198 4329 ut
280 4300 300 4333 θ.
1014 4327 1017 4331 ,

143 4378 168 4433 1.
187 4282 308 4449 Ρῗζιο,
324 4378 367 4434 10.
439 4378 465 4434 a.
483 4374 524 4434 os.
539 4378 607 4434 nuo.
622 4376 663 4449 in,
677 4376 722 4433 eu.
737 4378 783 4435 oe.
853 4380 880 4434 e.
898 4377 963 4447 sep.
978 4376 1005 4447 e,
1020 4377 1047 4432 r.
