3117 4859
341 268 410 336 370
718 284 869 333 wmnnnr
889 282 1054 332 mersione
1078 281 1133 328 rev.
1241 350 1243 353 Α

239 434 310 489 1150
428 423 620 493 Recordatur
641 425 790 494 nobilitas
811 430 882 511 tua,
911 425 994 512 quod
1016 444 1092 512 sepe
1113 428 1187 512 post
1207 424 1347 492 reditum
1366 428 1506 492 nostrum

224 510 321 629 affuso
340 542 379 611 de
393 541 670 609 Hierosolimitana
692 543 892 630 expeditione
915 542 1113 627 diligentiam
1134 547 1222 609 tuam
1243 541 1400 609 monendo
1419 561 1506 625 rogu-

338 658 457 743 vimus,
492 659 638 743 quatinus
671 658 893 727 corbeiensem
927 659 1111 749 aeoclesiam
1143 664 1176 725 et
1208 657 1336 725 fidelem
1367 664 1508 725 nostrum

338 774 478 842 eiusdem
501 774 669 843 aecclesiae
691 776 838 844 abbatem
858 777 893 843 in
915 775 1116 844 defensandis
1137 779 1170 841 et
1183 774 1408 841 conservandis
1421 774 1507 841 bouis

337 890 570 959 Kaminateusis
593 891 762 959 aecclesiae
779 892 955 976 adiuvaros,
978 912 1074 977 quam
1087 891 1210 978 prefato
1225 890 1411 958 Corbeiomi
1423 910 1509 956 mon-

338 1008 454 1075 asterio
476 1012 607 1095 proptor
628 1009 861 1076 reformandum
878 1007 958 1075 inibi
973 1008 1114 1075 divinum
1126 1006 1312 1092 reiigionm
1326 1027 1368 1075 ex
1381 1006 1510 1074 consilio

338 1129 370 1191 et
403 1124 520 1191 iudicio
552 1124 732 1212 principum
765 1124 965 1193 contulimus.
1014 1122 1167 1191 Volumus
1198 1124 1295 1191 etism
1320 1123 1510 1191 industrium

336 1244 425 1307 tuam
453 1240 650 1327 meminisse,
679 1242 828 1326 quoniam
856 1240 1053 1310 advocatiam
1074 1239 1348 1325 Kaminatenaem,
1376 1258 1510 1326 quamn

336 1356 427 1423 nobis
445 1355 596 1424 hacteuus
610 1358 776 1443 habueras,
800 1378 841 1426 ex
853 1363 963 1425 nostra
976 1357 1133 1444 peticione
1148 1358 1188 1427 do
1201 1378 1298 1425 manu
1312 1356 1510 1425 Gorbeieusie

337 1472 460 1541 abbatis
482 1474 645 1559 recepisti3
668 1474 752 1541 uude
767 1474 808 1541 ad
830 1474 1026 1561 protegenda
1047 1474 1158 1542 eadem
1180 1475 1263 1541 bona
1283 1473 1357 1560 plus
1381 1475 1413 1541 ei
1426 1473 1510 1541 debi-

335 1594 387 1656 tor
420 1610 488 1657 esse
521 1591 643 1677 cepisti.
693 1589 871 1677 Eapropter
904 1589 1104 1657 nobilitatem
1131 1596 1220 1658 tuam
1248 1592 1367 1659 iterum
1394 1595 1511 1657 attente

335 1706 490 1773 monendo
512 1726 672 1792 rogamus,
694 1712 731 1774 ut
750 1706 951 1774 Tbidorieum
974 1706 1013 1775 do
1027 1706 1170 1792 Riclinge
1192 1712 1224 1775 et
1244 1706 1327 1773 filios
1348 1706 1454 1793 ipsius
1473 1705 1510 1773 de

334 1822 453 1889 iniuria
474 1828 506 1890 at
528 1823 727 1909 contumelia,
749 1844 846 1910 quam
867 1823 990 1910 prefato
1012 1823 1121 1891 abbati
1141 1823 1177 1890 iu
1192 1823 1311 1891 eisdem
1326 1822 1421 1890 bouis
1434 1822 1509 1889 irro-

335 1943 422 2024 gant,
445 1938 627 2023 coherceas3
651 1943 683 2006 ot
704 1940 820 2007 iratres
841 1939 1023 2023 monachos,
1047 1959 1125 2026 quos
1147 1938 1196 2007 illi
1217 1939 1283 2006 iam
1304 1939 1444 2007 secundo
1464 1939 1510 2007 in-

336 2054 466 2123 honesta
489 2056 662 2139 eiecerunt,
692 2054 862 2123 clementer
884 2056 919 2122 in
941 2056 1051 2123 eodem
1073 2056 1264 2123 monasterio
1286 2056 1455 2141 recolligas
1475 2074 1510 2123 ae

334 2170 403 2239 Deo
425 2170 543 2238 ibidem
566 2171 685 2239 servire
707 2172 815 2239 facias.
861 2171 931 2238 Hoc
951 2192 1075 2258 quoquo
1096 2172 1283 2259 prudentiae
1304 2178 1381 2239 tuae
1402 2177 1508 2241 nobum

337 2286 394 2372 sit,
425 2287 509 2373 qnod
532 2288 660 2355 domina
682 2286 739 2353 illa
761 2288 801 2355 de
822 2287 927 2355 Iesika
935 2283 952 2372 ¹,
976 2308 1057 2373 quae
1079 2288 1163 2355 bona
1183 2288 1420 2357 Kaminatensis
1442 2307 1508 2355 aeo-

336 2402 449 2471 olesiae
472 2404 640 2491 dissipavit
662 2409 694 2471 et
716 2403 819 2470 adbuc
840 2403 996 2492 dissipare
1017 2426 1082 2472 non
1104 2410 1222 2488 cessat,
1245 2426 1285 2472 ex
1307 2412 1421 2473 nostra
1440 2426 1508 2492 per·

335 2520 484 2587 missione
517 2541 716 2607 nequaquam
750 2516 915 2603 intravit²3
948 2521 1046 2588 immo
1073 2522 1152 2589 satis
1180 2521 1334 2589 miramur
1361 2527 1453 2589 tuam
1478 2526 1508 2588 et

336 2634 470 2702 aliorum
491 2636 672 2724 principum
694 2636 911 2722 prudentiam,
938 2656 995 2703 cur
1016 2636 1113 2703 talem
1135 2637 1287 2705 feminam
1309 2638 1409 2722 bona,
1433 2657 1507 2724 quae

335 2751 375 2819 ud
404 2751 568 2819 servitium
591 2752 653 2819 Dei
678 2752 847 2819 aecclesiae
869 2751 984 2820 collata
1006 2758 1095 2835 sunt,
1123 2736 1196 2819 cum
1218 2754 1308 2821 vanis
1329 2753 1506 2821 bominibm

335 2866 517 2954 disperdere
544 2874 576 2935 et
600 2869 756 2956 dissipare
777 2870 972 2955 permittitis.
1018 2868 1137 2935 Contra
1157 2870 1246 2936 ouius
1268 2871 1506 2957 perversitatem

335 2987 367 3049 et
388 2984 600 3069 invasionem,
627 2996 706 3072 qua·
730 2985 915 3052 aecclesiam
936 2985 1065 3070 invasit,
1088 2986 1117 3051 si
1138 2984 1282 3053 homines
1305 2986 1433 3055 abbatis
1455 2986 1506 3054 di

335 3098 411 3183 quid
433 3106 573 3183 egerunt,
596 3101 695 3168 niobi]
716 3106 827 3167 contra
846 3102 896 3169 ius
910 3103 1022 3169 iecisse
1036 3101 1193 3184 videntur,
1217 3102 1301 3187 quia,
1324 3104 1411 3189 quod
1425 3104 1508 3171 nulla

333 3212 403 3297 lege
425 3216 626 3301 prohibetur,
654 3218 721 3283 vim
743 3218 775 3283 vi
797 3217 996 3305 repulerumt3
1025 3216 1159 3302 ideoque
1180 3218 1372 3303 iudicamus,
1401 3220 1506 3307 pocius

334 3328 505 3399 vindictam
545 3333 721 3402 redundare
754 3333 789 3399 in
827 3333 1044 3401 malefactores
1087 3354 1184 3419 quam
1220 3336 1255 3401 in
1287 3336 1505 3404 vindicatores

336 3443 532 3514 Omnimodie
560 3468 634 3533 ergo
665 3450 861 3533 diligentiam
890 3454 977 3515 tuam
1004 3469 1170 3535 rogamus,
1198 3456 1234 3517 nt
1255 3452 1380 3538 prefato
1404 3452 1506 3521 abbati

334 3560 369 3627 in
391 3563 613 3630 conservandis
636 3567 754 3633 eisdem
777 3566 868 3633 bonis
890 3570 1039 3631 strennue
1054 3566 1196 3651 assistas,
1219 3567 1278 3634 boo
1291 3570 1436 3655 profecto
1450 3569 1505 3635 sci·

335 3680 439 3761 turus,
463 3681 548 3766 quod
570 3682 598 3747 si
620 3682 773 3767 benignus
796 3683 826 3750 ei
847 3702 906 3770 pro
928 3686 1038 3748 nostra
1059 3682 1217 3768 peticione
1238 3684 1352 3769 fueris,
1375 3706 1434 3752 nos
1455 3686 1504 3752 ba·

333 3794 446 3877 nignos
475 3796 509 3861 in
539 3797 601 3863 tuis
630 3804 662 3864 et
690 3799 863 3865 amicorum
889 3803 1016 3866 tuorum
1042 3799 1145 3865 causis
1168 3804 1201 3866 et
1221 3802 1432 3888 peticionibus
1454 3821 1503 3869 er·

334 3909 476 3995 perieris.

407 4084 427 4117 ι
448 4084 506 4131 quae
523 4090 542 4119 c.

406 4157 432 4212 1.
450 4157 562 4215 Iuditha
579 4157 726 4216 abbatissa
799 4162 826 4216 2.
846 4160 915 4217 1149
933 4159 1008 4230 Sept
1022 4160 1049 4216 7.
1072 4160 1107 4219 V.
1120 4178 1165 4234 ep.
1177 4164 1229 4219 201
1248 4178 1334 4235 supra
1350 4181 1381 4236 p.
1393 4164 1453 4223 319.
