3117 4859
415 276 565 325 wmannr
585 276 772 326 mmmm
793 235 903 323 ico-eu.
1180 256 1244 325 155

80 438 138 504 quo
160 423 235 486 tuae
257 420 384 505 amitae,
405 440 465 507 pro
488 438 551 506 qua
564 420 693 506 rogasti,
716 424 865 487 consueto
879 418 1069 506 apostolieae
1083 416 1167 485 sedis
1182 417 1244 487 cle·
1267 420 1337 477 1148

79 535 196 603 mentia
222 556 281 623 per
307 536 458 603 nuncium
486 540 646 621 nostrum,
676 556 769 623 quem
799 537 973 623 adportes
1001 534 1072 602 illas
1097 533 1244 603 duximus
1260 496 1340 558 ΛΡΜ

79 651 317 739 destinandum,
347 658 473 721 auctore
495 652 646 738 Domino,
675 658 827 739 qnantum
854 671 926 719 cum
952 652 1117 720 honestate
1137 658 1246 719 nostra

77 768 261 855 poterimus,
283 770 451 856 providere
473 769 660 837 curabimus.
694 768 851 854 cetemm,
872 770 908 836 in
925 769 1040 857 puerili
1054 773 1157 837 aetate
1171 788 1245 836 oon·

77 885 223 970 stitutus,
245 887 293 952 ita
314 886 405 954 bonis
427 892 460 953 et
481 886 621 953 honestis
643 884 764 953 cothus
786 887 967 954 incumbere
988 887 1125 971 studeas,
1147 890 1185 951 ut
1205 885 1245 952 de

76 1002 138 1068 tuis
167 1003 363 1071 successibus
391 1008 493 1070 mater
514 1010 570 1070 tua
592 1008 701 1071 sendo
722 1002 865 1071 Romana
887 1004 1038 1072 aecclesia
1058 1001 1241 1089 gratuletur.

76 1117 162 1186 Dete
181 1118 290 1187 Romie
311 1118 462 1188 Kalendis
484 1119 614 1209 Aprilis.

76 1330 137 1403 81.
164 1334 328 1421 Eumenem
342 1332 398 1401 HI
406 1356 499 1422 popo
521 1334 679 1421 episcopos
701 1344 731 1398 et
752 1335 875 1401 abbates
898 1336 1078 1401 Tooteoo'eoe
1098 1333 1245 1401 Helorion

5 1448 6 1477 ³
163 1451 382 1517 Roooocomm
403 1452 471 1537 reyi
494 1450 599 1515 αᾱεεεε
620 1450 710 1516 tobel.
1106 1447 1160 1530 (Μ.
1178 1447 1245 1531 65.)

5 1638 7 1657 ,
163 1582 327 1667 Eugenius
342 1583 508 1670 episeopus
523 1602 632 1649 servus
647 1601 810 1648 sorvorum
821 1582 881 1649 Dei
895 1582 1126 1651 venerabilibus
1139 1583 1247 1650 fratri·
1268 1586 1339 1642 1148

5 1714 6 1747 l
75 1696 132 1765 bus
157 1698 403 1787 archiepiscopis
418 1698 574 1786 episeopis
590 1704 623 1765 et
636 1697 758 1765 dilectis
773 1696 847 1764 liliis
862 1698 1037 1785 abbatibus,
1058 1720 1118 1787 per
1133 1700 1247 1766 Teuto-

72 1814 182 1882 nicum
204 1835 337 1900 regnum
359 1814 548 1899 constitutis,
571 1814 705 1884 salutem
722 1819 755 1881 et
768 1814 973 1902 apostolicam
987 1814 1244 1883 benedictionem.

1262 1660 1316 1721 Apr.
1329 1660 1342 1706 1

165 1930 257 1999 Sient
288 1932 453 1999 manifeste
481 1936 588 1998 vestre
619 1930 788 2018 prudentia
814 1932 1025 2017 recognoscit,
1059 1931 1246 1999 kmissimue

5 2084 6 2137 3
73 2045 157 2115 ilius
180 2053 292 2115 ncstm
307 2048 471 2116 Ounradus
486 2047 698 2115 Romanorum
719 2068 787 2133 ren,
810 2047 912 2115 divini
933 2049 1050 2117 amoris
1071 2047 1247 2117 fervoribus

5 2184 7 2261 ρ
75 2164 245 2249 excitatus,
268 2162 410 2233 vivificae
432 2166 533 2233 crucis
556 2166 646 2250 signo
668 2170 825 2252 suscepto,
848 2166 889 2231 ad
911 2164 1128 2233 debellandam
1146 2166 1246 2233 idola-

73 2287 199 2348 trarum
227 2281 384 2347 insaniam
406 2286 438 2349 et
460 2282 501 2347 ad
523 2282 642 2349 cultum
664 2281 829 2348 christiani
848 2282 986 2353 nominis
1007 2282 1247 2370 propagandum

5 2442 6 2465 r
74 2418 142 2465 seeo
157 2398 295 2465 viriliter
315 2416 352 2465 ao
365 2401 512 2485 potenter
526 2399 672 2465 accinxit
708 2397 789 2465 Cum
801 2398 909 2483 itaque
924 2399 1068 2466 omnibus
1083 2420 1123 2467 cx
1137 2404 1246 2467 nostro

5 2508 6 2595 Ῐ
73 2536 174 2582 nus
198 2512 303 2582 officio
325 2514 498 2599 debitores,
522 2534 580 2602 pro
601 2516 672 2602 ipso
694 2518 802 2582 tamen
824 2516 925 2601 magis
947 2515 1096 2583 debemus
1119 2522 1152 2583 et
1171 2536 1246 2603 pro·

73 2632 205 2719 pensius
228 2630 373 2697 volumus
395 2652 464 2698 osse
486 2631 622 2699 solliciti,
655 2630 747 2698 Unde
768 2632 999 2698 fraternitatem
1016 2636 1155 2699 veebum
1173 2651 1245 2718 pre-

5 2766 6 2791 *
74 2749 218 2816 sontibus
241 2748 445 2815 exhortamur
466 2748 608 2835 epistolis
624 2752 657 2815 et
671 2748 865 2814 exhortando
878 2748 1075 2832 mandamus,
1099 2749 1246 2834 quatinus

5 2868 6 2959 ᾗ
74 2865 246 2932 karissimo
273 2862 338 2931 filio
368 2868 476 2931 nostro
499 2862 649 2949 Henrico,
677 2864 795 2930 iuniori
816 2864 885 2949 regi
905 2863 1134 2949 Romanorum,
1160 2866 1245 2949 regis

5 2968 6 3049 f
74 2981 210 3049 illustris
225 2979 384 3048 Guonrodi
400 2978 476 3064 filio,
499 2980 666 3063 diligenter
688 2985 720 3047 et
740 2978 876 3048 fideliter
897 2982 1053 3049 assistatis
1075 2986 1107 3047 et
1128 2981 1162 3046 in
1184 2980 1244 3067 his,

5 3152 6 3197 ρ
75 3119 155 3185 quac
178 3098 222 3165 ad
243 3096 345 3184 patris
367 3096 417 3163 sni
439 3096 589 3164 honorem
607 3101 640 3163 et
653 3098 744 3181 regni
758 3102 877 3164 statum
889 3098 1049 3185 pertinere
1062 3102 1245 3182 noscuntur,

5 3204 6 3217 ἶ
74 3221 109 3283 ut
135 3235 204 3303 pax
231 3234 290 3301 per
319 3214 543 3299 omnipotentie
565 3212 627 3280 Dei
652 3214 789 3297 gratiam
809 3214 844 3280 in
865 3213 991 3301 populis
1013 3214 1074 3281 sibi
1096 3214 1245 3283 subiectis

74 3334 201 3417 integra
222 3334 434 3413 consumetur,
458 3349 551 3416 opem
573 3330 602 3396 ei
618 3334 650 3395 et
664 3329 841 3415 consilium,
864 3331 989 3416 quando
1002 3336 1142 3398 vostmm
1156 3332 1246 3399 auxi·

74 3448 154 3515 lium
176 3446 401 3534 postulaverit,
424 3445 614 3533 impendatis.
660 3445 814 3513 Nolumus
837 3446 1008 3532 siquidem,
1034 3451 1072 3514 ut
1092 3448 1151 3515 sub
1171 3468 1246 3535 pro·

75 3566 212 3633 tectione
234 3562 321 3631 beati
334 3561 422 3629 Petri
442 3562 476 3629 in
499 3562 599 3649 patris
619 3562 670 3629 sui
684 3562 828 3630 absentio
843 3562 1039 3648 aliquatenus
1053 3562 1181 3631 honoris
1196 3566 1246 3631 sui

75 3681 301 3749 detrimentum
314 3678 366 3747 vel
381 3679 537 3747 delectum
551 3680 701 3747 incurrat.
729 3678 816 3746 Data
827 3679 936 3747 Remis
950 3678 1100 3747 Kdendis
1114 3680 1244 3768 Aprilis.

5 3872 6 3875 ‘
78 3892 138 3965 82.
167 3896 258 3977 oeae
273 3896 412 3982 praeeo
434 3894 670 3961 namucno
691 3894 826 3977 recocta,
851 3896 1006 3962 neuen
1028 3898 1160 3979 aaut,
1182 3897 1245 3963 eo-

164 4013 330 4077 tribuam&

163 4143 291 4211 Domus
304 4142 422 4211 Iuthita
442 4142 603 4211 abbatissa
624 4143 702 4209 haec
723 4142 811 4211 dedit
825 4144 865 4211 de
878 4144 998 4230 prediis
1012 4143 1414 4209 Kaminatensislldt-utt

80 4260 257 4345 aecclesiae,
279 4266 447 4348 postquam
470 4260 613 4347 deposita
634 4260 703 4327 init
738 4259 788 4328 De
802 4261 891 4328 curia
902 4260 965 4327 An.
981 4278 1127 4325 mansum
1146 4279 1245 4327 unum

150 4417 171 4450 ι.
189 4407 283 4468 Ιιςὶίν
299 4420 337 4464 op.
352 4406 456 4451 nemu
472 4404 531 4452 cett
543 4406 575 4451 11.
588 4404 671 4463 pam
685 4422 706 4451 u.
719 4422 742 4451 u.
