3117 4859
416 302 565 352 umnam
585 302 772 353 samsones
792 303 831 352 ιι
845 302 886 351 ιι.
1170 284 1234 354 125

69 448 98 511 et
117 443 203 511 siout
221 443 379 511 feruentes
401 444 562 513 fueramus
583 447 624 514 ad
637 446 706 529 hoo,
728 450 766 513 ut
779 466 836 511 uos
850 446 886 512 in
899 449 1022 533 petrem
1037 444 1234 532 haberemus,
1262 451 1330 507 1147

67 559 110 625 ite
139 560 277 627 studiosi
307 582 447 629 essemus
474 564 559 629 eires
585 582 739 650 personae
766 567 891 629 vestrae
916 562 1142 647 reuerentiam,
1175 582 1235 630 nee
1250 526 1340 573 m

67 680 137 743 tuno
159 676 300 763 primum
321 678 476 767 inciperet
496 677 679 767 displioere,
710 678 835 765 quando
858 698 951 763 agere
972 678 1068 745 uellet
1089 678 1129 746 de
1150 679 1234 747 ordi-

66 792 113 859 nis
133 793 368 861 reformatione
436 794 584 863 Ceterum
606 794 645 863 de
666 794 834 883 priuilegio
854 795 946 862 nobie
967 814 1154 883 responsum
1175 799 1233 879 ιιι,

66 907 147 994 quod
173 930 224 977 res
251 908 393 995 litigiose
421 916 505 995 erat,
533 910 621 979 nulla
647 912 770 979 ratione
799 932 834 979 se
860 931 954 999 posse
980 910 1033 980 ιιι
1058 910 1139 979 uelle
1160 930 1235 979 oon·

66 1025 190 1111 oedere,
217 1031 256 1094 ut
277 1026 336 1093 hoo
357 1032 500 1115 tempore
521 1028 570 1114 id,
594 1028 678 1115 quod
699 1029 820 1095 iaetnm
842 1033 925 1112 erat,
950 1028 1135 1096 anctoritate
1158 1047 1233 1114 apo-

65 1140 174 1209 stolioa
195 1140 449 1227 oonfirmaretnr3
476 1144 614 1213 maxime
637 1165 708 1213 eum
731 1145 927 1231 querimonia
948 1144 1234 1211 sanctimonialium

65 1258 190 1344 ecliptis
211 1279 309 1346 penes
331 1261 436 1347 ipsum
459 1264 542 1328 esset
564 1263 712 1349 reposita.
747 1260 828 1329 Cum
851 1260 986 1349 amplius
1004 1260 1123 1329 instare
1137 1260 1234 1328 velle-

66 1394 147 1461 mus,
178 1396 289 1444 amnas
310 1396 374 1444 uno
397 1396 467 1462 ore,
489 1384 527 1443 ut
547 1377 607 1445 hoo
627 1383 770 1466 tempore
791 1378 839 1445 nii
861 1378 997 1465 amplius
1021 1396 1232 1463 quereremus,

64 1490 179 1559 hortati
207 1500 297 1575 sunt3
332 1492 475 1563 sufficere
502 1494 593 1561 nobis
622 1494 777 1581 dieentes,
807 1499 841 1562 ιι
866 1494 926 1562 ιιι
952 1515 1022 1563 esee
1051 1514 1092 1561 ex
1118 1514 1234 1577 magna

64 1606 169 1675 domni
201 1628 306 1696 papae
339 1610 458 1695 gratia,
491 1611 577 1697 quod
607 1612 698 1679 nobis
730 1632 796 1678 non
821 1610 1031 1680 interdicebat
1056 1611 1129 1699 ipsa
1153 1610 1232 1695 loeo,

65 1723 161 1811 quod,
190 1726 274 1794 siout
294 1746 359 1793 non
381 1724 603 1812 confirmabat,
626 1729 673 1795 ιιι
694 1746 753 1795 nee
774 1728 858 1813 quod
879 1727 999 1794 foetum
1020 1727 1124 1795 iuerat
1144 1726 1232 1795 intir-

65 1840 179 1909 mabat.
260 1842 340 1909 Cum
361 1843 489 1911 tandem
512 1843 627 1911 habere
649 1864 712 1911 non
734 1848 931 1931 poteramus,
959 1843 1043 1929 quod
1065 1843 1232 1929 voluimus,

66 1959 204 2045 oportuit
232 1979 291 2057 nos
319 1959 399 2026 velle
426 1959 460 2026 id
482 1961 565 2047 quod
588 1961 736 2047 oonsequi
757 1961 928 2048 potuimus.
962 1960 1101 2027 Ventum
1122 1965 1171 2027 eet
1192 1960 1234 2027 ad

64 2075 247 2161 petitiones,
270 2076 305 2141 in
327 2076 440 2163 quibus
464 2076 608 2145 omnibus
624 2077 702 2145 duas
717 2082 843 2145 tantum
857 2077 1050 2145 obtinuimus
1058 2073 1076 2161 ¹,
1099 2096 1233 2161 quarum

65 2191 225 2279 exemplar
247 2192 336 2261 vobis
358 2193 579 2261 transmissum
594 2198 651 2261 est.
687 2192 828 2278 Caetera,
851 2193 881 2260 si
894 2214 958 2281 qua
971 2194 1094 2278 desunt,
1117 2193 1158 2261 ab
1172 2193 1232 2278 his,

66 2308 116 2393 qui
138 2308 180 2375 ad
203 2329 259 2376 uos
281 2314 462 2395 trameant,
491 2310 572 2377 seire
593 2310 747 2398 poteritis.
782 2310 1010 2379 Paternitatem
1032 2315 1171 2378 uestram
1192 2308 1233 2377 ad

65 2421 214 2493 honorem
237 2425 386 2495 eeclesiae
409 2446 484 2495 suae
506 2425 594 2495 Dens
616 2425 808 2495 ineolumem
829 2427 994 2495 custodiat.

66 2654 126 2725 47.
152 2656 258 2725 Getdo
280 2660 482 2726 cancellariae
494 2662 624 2749 papulis
641 2660 783 2728 Widaldo
798 2662 961 2751 ιίφιιβιαι,
985 2683 1053 2725 eum
1070 2660 1232 2726 Corbeien·

150 2798 216 2840 seon
245 2776 385 2842 αιιαιιηι
411 2800 474 2841 esee
497 2780 649 2865 equitatu,
679 2777 736 2843 sed
756 2778 795 2841 de
817 2776 936 2841 duobos
958 2776 1111 2841 comesto
1130 2776 1233 2840 minae

146 2914 302 2979 prospere
325 2894 465 2957 semisse.
1093 2887 1147 2972 (M.
1164 2889 1231 2969 26.)

150 3023 255 3092 Guido
283 3029 410 3092 sanotae
437 3024 596 3092 Romanae
625 3023 773 3115 eeclesiae
807 3025 956 3092 diaeonus
984 3019 1171 3090 oardinaiis¹
1199 3028 1233 3091 et
1285 3036 1354 3093 114⁷

66 3141 267 3209 menaeus
301 3140 469 3208 eamme
501 3142 593 3208 nete
627 3146 660 3209 e
693 3140 824 3229 specim
853 3141 954 3208 amice
981 3138 1125 3208 wione
1154 3137 1231 3207 cor-
1247 3112 1399 3173 ΝΜ

66 3256 183 3327 ιιιιιιιι
206 3258 313 3327 abbati
335 3256 478 3325 salntem.

151 3374 283 3443 Certum
304 3380 362 3459 ιιι,
386 3374 461 3461 quia
482 3394 575 3441 venue
599 3393 688 3441 emor
704 3374 822 3441 otiosos
837 3392 905 3440 esee
918 3392 983 3439 non
996 3378 1111 3460 potest.
1143 3372 1231 3439 Nun-

67 3491 127 3559 oios
155 3491 313 3579 siquidem
340 3510 412 3557 eum
439 3489 555 3559 litteris
583 3490 646 3557 tuis
668 3490 804 3557 temino
826 3489 968 3557 eondioto
991 3490 1167 3576 reeepimus
1189 3495 1230 3573 ιι,

66 3612 99 3674 ut
124 3608 159 3675 in
187 3608 237 3675 hie
264 3628 322 3696 pro
351 3606 463 3693 quibus
491 3611 643 3674 venerant
670 3604 842 3675 effioaoiam
868 3611 1082 3692 reportarent,
1111 3611 1144 3673 et
1168 3605 1232 3694 ipsi

67 3723 228 3792 nobiseum
257 3730 289 3793 et
315 3744 373 3791 nos
401 3743 473 3792 oum
502 3724 547 3790 eis
574 3724 730 3790 instanter
757 3728 791 3791 et
811 3720 946 3789 fideliter
966 3722 1089 3809 operati
1111 3742 1229 3789 sumne.

69 3837 114 3908 De
129 3840 259 3909 Stabulo
273 3841 390 3927 itaque,
411 3859 476 3907 non
498 3839 601 3907 dioem
622 3845 741 3925 nostro,
764 3840 920 3906 nesoimus
943 3839 1093 3906 tamensi
1114 3845 1229 3922 vestro,

68 3976 174 4025 uerum
196 3958 378 4026 Gorbeiam·
400 3954 524 4024 vexillis
552 3956 732 4044 patentibus
755 3974 839 4023 nuno
860 3956 999 4042 piimum
1020 3955 1088 4022 Deo
1110 3956 1229 4040 gratias

68 4073 143 4143 faeie
164 4074 265 4143 libera
287 4074 373 4141 exire
394 4072 536 4161 potestis.
605 4070 641 4140 Si
663 4072 738 4159 quid
762 4077 868 4140 ιιιιιιιι
882 4071 933 4139 ιιι
946 4073 981 4137 in
995 4070 1231 4139 oonfirmatione

68 4188 190 4259 illerum
215 4192 349 4259 duarum
371 4188 573 4257 eeclesiarum
595 4208 652 4276 per
674 4187 881 4275 apostolieum
903 4188 1102 4276 privilegium
1123 4186 1174 4254 vel
1195 4186 1230 4252 in

135 4347 157 4381 ι
176 4334 295 4382 corbeiam
309 4352 330 4381 o.

136 4422 162 4477 1.
184 4437 212 4477 v.
229 4436 293 4492 epp.
305 4420 341 4477 ιι
352 4418 428 4477 etto
444 4432 528 4489 supra
544 4433 573 4489 p.
587 4420 647 4475 122.
717 4418 744 4473 2.
763 4416 813 4475 SS.
825 4417 941 4475 como
958 4418 988 4472 ιι
1003 4414 1141 4473 Domini.
