3117 4859
336 268 402 337 180
666 286 816 335 manns
835 284 1024 336 mmm
1044 284 1100 334 rsa
1112 284 1168 335 sos

245 430 518 497 tlttalsseutiam.
553 426 808 497 SiStabnlausis
833 429 988 498 seedesia
1014 450 1073 497 uos
1097 429 1358 513 medaeam,
1385 426 1489 496 sinos

333 546 373 614 de
394 546 541 631 gregibus
563 547 671 613 orium
692 538 756 614 non
777 547 969 633 sustulisset
990 548 1020 614 si
1040 568 1100 614 nos
1121 546 1491 635 depostfoetantssnou

333 659 531 752 aeuepisset¹‚
554 670 591 730 nt
611 682 814 751 pasneremns
836 663 929 732 {aeolo
950 671 984 732 et
1001 664 1116 732 lund·
1136 663 1342 731 heredum
1357 657 1446 746 Μ’,
1466 664 1493 729 s‘

330 800 389 848 nos
416 802 531 866 egenos
558 780 599 848 de
623 778 754 868 pulvere
781 800 846 848 uon
868 782 1051 849 massa
1071 788 1105 849 et
1125 780 1166 848 de
1186 786 1323 849 stereme
1345 780 1495 848 maximat

329 918 495 987 pauperes,
519 902 556 965 ut
576 898 740 965 sedeamns
759 918 833 965 oum
846 893 1070 986 principibus⁸,
1092 898 1222 983 dignum
1234 904 1343 965 nmen
1356 897 1496 965 fraterna

330 1016 462 1083 earimte
474 1015 546 1099 fnit,
569 1021 614 1099 nt,
637 1015 715 1081 siin
728 1014 912 1083 Gorbeiensi
926 1014 1078 1083 aeealosis
1091 1015 1230 1082 meditus
1242 1016 1334 1100 toret,
1359 1015 1394 1080 iu
1408 1014 1496 1082 euius

328 1131 423 1199 domo
437 1132 661 1199 vestimentum
677 1128 788 1218 esset‘,
807 1152 872 1199 non
890 1132 1050 1217 negaretis
1063 1134 1165 1199 sorori
1177 1137 1301 1200 restrae
1316 1130 1497 1199 Stabulensi

330 1249 480 1317 eoolesiae
503 1249 642 1336 aliquam
656 1254 780 1317 vestrae
797 1248 1019 1317 oonsolatiouis
1033 1250 1316 1337 participationem
1387 1247 1497 1315 Caete-

328 1388 401 1435 rum
427 1387 486 1434 nos
508 1367 585 1434 haee
606 1368 705 1434 musa
725 1366 875 1450 facimus3
902 1387 960 1433 ros
982 1387 1057 1434 vero
1080 1372 1203 1452 emate,
1230 1366 1321 1433 utin
1343 1384 1430 1433 noro
1451 1370 1498 1432 ta·

329 1484 497 1553 beruaonlo
519 1490 629 1551 nostro
650 1484 847 1551 mansionem
868 1484 1030 1552 venientes
1051 1484 1231 1552 habeantns.

334 1706 419 1779 104.
442 1704 1501 1797 WidaldeeioriaoRomaaommupideCaooooisetEoeroedt

442 1818 495 1883 lite
516 1819 680 1908 dffissficat.
1356 1811 1416 1896 (ll.
1433 1814 1500 1895 at.)

238 1962 310 2021 1148
417 1949 576 2018 Glorioso·
596 1950 724 2017 domino
755 1970 813 2016 suo
840 1948 1015 2034 H(einrioo)
1042 1948 1152 2017 inolito
1179 1948 1391 2017 Romanorum
1421 1948 1500 2033 rep,

327 2068 434 2152 magni
455 2086 493 2133 au
505 2066 635 2133 vintoris
650 2066 810 2133 Guonradi
823 2065 1037 2134 Romanorum
1055 2066 1254 2154 imperatoris
1273 2066 1401 2150 angusti
1423 2063 1500 2148 tilio,

326 2184 425 2251 irater
443 2180 608 2251 Wibaldus
631 2182 691 2250 Dei
714 2184 819 2267 gratis
837 2183 887 2268 id,
911 2184 995 2271 qnod
1022 2190 1072 2251 est
1096 2184 1132 2252 in
1159 2181 1313 2251 catholiea
1333 2182 1499 2265 aeooleois,

322 2302 462 2369 salutem
483 2302 518 2367 iu
540 2320 588 2386 eo,
612 2300 666 2387 qui
689 2299 744 2367 dat
766 2299 901 2367 salutem
921 2301 1059 2385 regibus.

416 2418 467 2485 Ab
490 2418 577 2485 exitu
599 2422 708 2484 nostro
731 2416 751 2484 i
772 2417 893 2504 synodo
908 2416 1056 2485 Remensi
1078 2416 1226 2485 remorati
1247 2436 1354 2483 sumus
1375 2416 1413 2483 in
1430 2415 1501 2483 Stu-

325 2536 449 2606 bnleusi
472 2534 664 2603 monasterio
686 2538 819 2623 proptor
839 2534 955 2601 multas
970 2535 1120 2602 etruriae
1135 2534 1344 2601 dissensiones
1359 2539 1393 2600 et
1407 2554 1500 2621 pros·

327 2674 433 2738 suras,
463 2674 544 2739 quae
574 2653 709 2719 suntin
736 2658 838 2737 terra,
867 2670 904 2718 se
931 2650 1068 2718 Domino
1095 2656 1282 2740 cooperante
1307 2654 1500 2736 nostrosque

326 2776 457 2839 uenatus
491 2768 710 2853 confirmante,
747 2768 783 2833 in
816 2768 961 2835 omnibus
993 2768 1060 2835 lero
1090 2767 1169 2835 loeis
1202 2752 1498 2835 oiroumiaoentibus

327 2886 635 2973 quantulamcunque
656 2904 768 2973 paoem
790 2885 1033 2972 oomposuimus,
1055 2905 1165 2952 versus
1180 2883 1344 2952 Gorbeiarn
1366 2886 1402 2952 in
1424 2904 1499 2972 pro-

326 3002 412 3068 ximo
445 3003 581 3069 transire
609 3002 780 3089 cupientes.
870 3000 962 3069 Nune
988 3002 1186 3068 maiestatem
1213 3007 1351 3068 vestram
1380 3001 1499 3069 obnixe

326 3136 489 3202 rogamus,
512 3121 549 3183 ut
573 3116 611 3183 de
634 3136 745 3203 eausa,
768 3138 827 3205 pro
850 3138 912 3204 qua
935 3118 975 3185 ad
997 3122 1135 3185 vestram
1157 3116 1355 3185 elementiam
1377 3118 1497 3187 direxi·

326 3252 412 3315 mus,
441 3252 500 3299 nos
529 3232 678 3299 exaudire
706 3232 888 3319 dignemini.
922 3234 959 3301 ln
986 3232 1144 3303 benefieiis
1167 3233 1362 3302 Stabnlensis
1385 3253 1498 3302 mons·

326 3348 416 3413 sterii
443 3348 623 3415 hereditant
649 3349 800 3436 feminae,
827 3350 883 3418 ubi
908 3351 1041 3418 maseuli
1062 3372 1126 3419 non
1148 3356 1326 3439 supersunt
1358 3350 1497 3430 Quidam

325 3460 483 3531 Widrious
511 3471 619 3533 noster
641 3465 874 3553 ministerialis,
904 3488 977 3535 enm
998 3468 1129 3536 haberet
1149 3469 1276 3536 nnioam
1294 3466 1413 3553 tiliam,
1444 3469 1496 3535 de·

325 3577 450 3645 lnnetm
474 3586 535 3663 est3
559 3582 648 3648 errius
670 3585 884 3670 possessiones
906 3584 990 3652 lilius
1012 3586 1129 3653 sororis
1151 3586 1252 3673 ipsius
1271 3584 1381 3652 cuono
1404 3604 1497 3652 oren·

325 3696 423 3781 pavit.
458 3694 573 3764 Postea
596 3698 723 3785 quidam
737 3699 918 3769 Everardus
936 3701 1035 3769 filiam
1047 3702 1203 3791 prefatam
1217 3702 1352 3791 predicti
1360 3700 1496 3770 Widriei

326 3810 417 3878 duxit
433 3832 575 3897 uxorem,
599 3818 631 3882 et
647 3817 817 3884 seeundum
831 3838 952 3886 morem
965 3824 1070 3887 terrae
1084 3840 1177 3888 omne
1190 3817 1387 3904 beneficium,
1412 3817 1495 3906 quod

325 3927 448 4014 puellae
477 3929 497 3995 t
522 3936 612 4017 patre
635 3933 848 4021 competebat,
876 3937 1007 4004 anobis
1030 3936 1159 4023 aooepit.
1194 3935 1313 4004 Verum
1333 3934 1494 4023 prenomi-

325 4048 418 4111 natus
447 4044 554 4112 Cuono
587 4048 719 4116 eundem
746 4048 943 4118 Everardnm
971 4052 1010 4120 de
1037 4054 1235 4141 possessione
1262 4052 1393 4141 expulit
1430 4050 1492 4121 Pro

326 4179 388 4245 qua
410 4152 445 4228 r'e
468 4162 487 4228 a
509 4162 598 4230 nobis
621 4164 760 4249 legitime
783 4173 912 4235 vocatus
935 4175 968 4236 et
988 4190 1084 4257 super
1104 4170 1164 4237 hoo
1177 4170 1213 4236 iu
1227 4190 1355 4238 oausam
1368 4170 1491 4254 duetus,

325 4294 396 4343 oum
419 4278 458 4345 ab
487 4280 599 4347 eodem
613 4280 800 4368 Etverardo)
823 4284 1039 4372 impeteretur,
1062 4288 1241 4374 quodsum
1263 4284 1414 4357 beneficio
1434 4304 1490 4353 suo

396 4424 417 4457 ι.
438 4410 504 4459 reos
520 4416 543 4460 et
557 4414 624 4462 imos
641 4416 692 4463 aa.

397 4498 420 4549 1.
441 4496 652 4569 osmrqro.
707 4502 732 4557 a.
751 4502 930 4573 rotarum.
985 4504 1211 4580 amatas.
1265 4504 1488 4577 sotiatur.
1556 4511 1558 4592 3

1556 4613 1557 4646 i

169 4578 260 4611 A
