3117 4859
428 272 577 322 maror
597 272 784 323 muse
806 273 910 323 uo-ue
1187 258 1250 329 147

83 410 133 477 sui
152 408 339 497 plusquam
361 412 401 481 sd
423 420 550 483 contum
571 436 698 485 maneos
720 417 755 483 in
776 414 926 485 beneficio
948 425 1159 504 concesserat,
1181 424 1251 489 tan·
1279 426 1348 483 1147

82 546 175 612 quum
203 528 255 596 uir
283 534 446 615 muns,
474 532 537 599 Dei
563 532 718 601 adiutorio
748 536 780 600 et
806 537 915 601 nosue
941 534 1008 601 foro
1031 533 1072 601 ed
1093 536 1252 620 integrum
1268 500 1356 548 ‘'⁰⁰‘'

80 642 245 730 recollegit
257 650 290 713 ot
303 646 412 714 usibus
428 647 578 717 ecclesiae
592 650 741 717 restituit.
770 647 903 717 Salubre
916 650 1025 736 itaque
1038 652 1130 720 nobis
1144 672 1251 719 exem

80 758 170 847 plum
193 766 227 829 et
247 764 520 831 commonitorium
541 766 576 831 iu
597 765 799 853 protegendis
821 770 853 833 et
871 766 1057 835 adiuvandis
1073 767 1251 835 decaetero

81 876 223 945 ecelesiis
244 880 438 966 prestabitis
462 882 490 949 si
511 881 638 967 bonum,
662 881 801 969 quodie
824 882 934 949 eedem
955 883 1106 951 aecclesia
1125 884 1167 951 ed
1183 883 1252 951 lau-

80 992 154 1061 dem
169 994 231 1063 Dei
252 994 479 1083 inchoavimus,
501 998 673 1065 secundum
695 999 884 1085 peticionem
906 1000 1041 1087 predicti
1062 1000 1252 1069 eouerwilis

79 1110 206 1179 abistis
228 1113 342 1183 staldo
364 1118 397 1181 et
416 1113 544 1181 mum
565 1119 673 1183 uestra
695 1115 883 1183 auctoritate
903 1117 1052 1185 feceritis.
1086 1116 1206 1184 Velete.

81 1372 143 1446 71.
172 1378 383 1447 Haemum
405 1352 504 1449 comeo
531 1382 815 1473 Wncenburgensie
834 1381 978 1472 Ecymio
993 1382 1050 1451 ΠΙ
1059 1406 1167 1472 papae
1188 1382 1252 1450 We·

172 1498 299 1562 buldam
321 1502 520 1565 commendat.
1113 1498 1167 1582 (M.
1184 1499 1252 1581 59.)

171 1628 377 1698 sanctissimo
400 1632 485 1719 patri
508 1652 545 1699 ac
567 1631 693 1701 domino
715 1654 770 1701 suo
786 1632 927 1719 Eugenio
951 1638 1078 1700 sanotae
1093 1632 1252 1699 Romanae
1278 1641 1350 1698 114⁷

78 1744 252 1814 aecclesiae
275 1769 397 1815 summo
419 1748 561 1836 pontifici
583 1748 795 1817 Herimannus
824 1770 927 1816 comes
956 1750 995 1817 de
1011 1748 1252 1834 Wincenburch,
1270 1730 1290 1763 ε’
1303 1714 1359 1763 ⁰⁰⁰*

78 1862 253 1931 advocatus
269 1864 417 1933 ecclesiae
433 1865 641 1951 corbeiensis,
664 1866 805 1955 obsequii
820 1868 870 1933 sui
884 1868 1028 1933 intimam
1044 1865 1250 1934 devotionem.

171 1979 444 2066 Commendamus,
467 1982 644 2049 venerande
658 1989 760 2071 pater,
777 1982 938 2050 sanctitati
953 1988 1075 2051 rosnae
1091 1982 1253 2049 dominum

77 2116 187 2165 meum
201 2098 406 2166 karissimum
420 2096 611 2185 wibaldum,
632 2098 844 2167 venerabilem
859 2098 1079 2168 corbeiensem
1096 2098 1252 2184 abbatem,

77 2214 185 2280 virum
207 2216 317 2301 utique
339 2214 522 2301 religiosum
544 2220 576 2283 et
598 2216 632 2282 in
654 2218 740 2283 omni
762 2217 848 2304 apud
869 2238 928 2283 noe
946 2198 1110 2284 honestate
1126 2236 1162 2283 ac
1177 2236 1253 2303 pru-

78 2328 189 2397 dentia
217 2336 402 2419 spectatum.
442 2332 704 2400 Commendamus
732 2332 822 2400 vobis
848 2332 988 2419 labores,
1020 2353 1098 2419 quos
1127 2332 1161 2398 in
1184 2352 1253 2399 aeo-

77 2446 177 2515 cleeia
199 2446 382 2516 Corbeienei
410 2450 430 2516 t
451 2450 501 2517 die
528 2448 736 2538 promotionis
764 2471 839 2517 suae
861 2448 996 2517 fideliter
1018 2455 1050 2516 et
1071 2446 1253 2533 infatigabi-

76 2562 149 2631 liter
186 2564 338 2632 sustinuit
368 2570 437 2633 tum
468 2567 503 2634 in
535 2565 736 2633 reformande
762 2566 871 2633 dimna
900 2566 1052 2651 religione
1078 2564 1127 2631 in-
1143 2564 1252 2631 eodem

76 2682 272 2750 monasterio
296 2686 328 2750 et
349 2684 383 2749 in
405 2682 623 2769 recolligendis
644 2683 895 2771 possessionibus
917 2683 1017 2769 ipsius
1046 2687 1115 2748 tum
1143 2680 1176 2747 in
1198 2680 1252 2768 pio

78 2802 108 2865 et
134 2798 293 2866 laudabili
320 2799 440 2884 studio,
470 2821 530 2886 quo
554 2800 588 2866 in
611 2799 730 2867 dnobus
754 2799 970 2882 monasteriis,
999 2796 1169 2863 Kaminato
1192 2797 1252 2862 sci-

76 2912 151 2981 licet
176 2920 209 2981 et
224 2914 365 3001 visbick,
393 2936 473 3001 qnae
496 2936 516 2982 a
537 2916 663 2984 domino
687 2937 756 2983 meo
779 2936 854 3001 rege
877 2914 1008 3002 accepit,
1032 2914 1170 2981 studiose
1193 2934 1251 3001 pro

77 3030 259 3118 reparanda
285 3032 320 3098 in
348 3032 393 3099 eis
421 3032 529 3100 divina
556 3032 707 3119 religione
729 3032 895 3099 laboravit.
933 3030 1035 3097 Huius
1059 3030 1143 3097 enim
1164 3029 1251 3097 labo-

76 3148 194 3215 ratoris
224 3148 258 3214 in
280 3154 366 3215 wore
387 3154 496 3216 nostra
517 3149 653 3217 multum
675 3149 885 3234 indiguimus,
914 3148 1052 3214 maxime
1074 3148 1108 3213 in
1131 3146 1251 3214 duobus

76 3264 290 3349 monasteriis,
314 3265 369 3332 ubi
390 3264 526 3333 multum
549 3267 657 3334 divina
678 3266 790 3351 religio
806 3265 994 3352 deperierat,
1018 3284 1113 3351 quem
1127 3264 1252 3330 viriste

76 3382 251 3467 prudenter
280 3386 311 3448 et
338 3381 467 3449 honeste
496 3382 666 3449 reformare
694 3379 827 3450 laborat.
868 3380 1026 3466 Rogamus
1053 3399 1127 3465 ergo
1150 3380 1252 3445 excel-

76 3495 211 3565 lentiam
230 3503 378 3582 ossuum,
402 3499 549 3584 quatinus
565 3500 736 3565 secundum
751 3499 941 3585 peticionem
956 3496 1076 3563 domini
1090 3496 1154 3562 mei
1168 3496 1252 3581 regis

76 3612 157 3681 hanc
180 3614 384 3680 donationem
408 3616 475 3681 eius
497 3620 604 3681 vestra
626 3614 814 3681 auctoritato
837 3612 1039 3697 confirmetis,
1063 3617 1095 3679 et
1112 3613 1146 3678 in
1159 3634 1251 3699 repa·

76 3730 177 3797 rande
206 3730 315 3797 divina
342 3732 493 3798 servitute
521 3730 683 3798 dominum
706 3751 813 3797 meum
835 3729 982 3797 abbatem
1004 3729 1175 3797 clementer
1197 3729 1252 3795 ad-

77 3846 203 3933 iuvetis,
226 3846 380 3933 nobisque
402 3846 582 3935 exemplum
605 3848 639 3914 in
662 3846 849 3915 adiuvandis
874 3845 1033 3914 aecclesiis
1056 3846 1213 3932 prestetie.

81 4118 140 4191 72.
166 4123 206 4191 H.
225 4126 321 4191 odom
337 4124 603 4212 llecdtltorpenet'o
619 4124 764 4212 Eugeaio
779 4125 837 4193 ΙΠ
845 4148 956 4214 papae
972 4124 1147 4190 Wtoaldom
1169 4145 1251 4187 eom-

165 4242 300 4307 mendat.
1109 4232 1163 4317 (M
1184 4237 1251 4319 60.)

167 4372 373 4443 Sanctissimo
402 4375 488 4461 patri
511 4392 547 4441 eo
570 4374 696 4442 domino
719 4394 777 4443 suo
799 4373 943 4459 Eugenio
966 4390 1089 4541 epgrpmo
1111 4368 1253 4457 pontifici
1270 4376 1359 4499 21¹ss
