3117 4859
374 296 523 345 wmnrmr
543 294 731 344 nursuouan
752 296 805 343 reo.
822 295 878 344 ee1.
1140 280 1210 347 387

45 434 137 502 duces
158 436 247 504 verbi
268 436 368 504 vestri
393 438 536 523 luerunt,
563 442 600 505 ut
626 438 662 505 in
682 436 774 505 nobis
796 436 1022 525 compleretur,
1050 439 1133 525 qnod
1154 459 1213 527 per
1231 446 1302 503 1150

43 548 172 639 Moysen
200 552 320 620 dictum
347 558 410 621 esi:
439 556 485 623 Ee
510 558 635 623 a'airae'cs'
661 560 763 649 poetri
788 567 861 622 sant
884 557 1004 621 iudices
1012 550 1031 619 ¹.
1076 554 1129 621 Illi
1149 556 1214 641 ipsi

44 670 139 736 vestm
161 668 314 757 homines,
336 672 434 739 uestri
448 671 659 759 parrochiani,
681 672 783 757 nobis,
807 671 848 739 ad
861 690 918 739 vos
934 669 1065 759 pacifice
1080 672 1212 739 tendens

42 777 126 852 tibus
149 790 181 853 et
204 786 243 854 de
256 793 362 855 vestro
385 806 494 856 securo
517 788 672 856 conductu
692 788 784 856 nobis
806 786 939 856 firmiter
959 788 1117 876 promisso
1139 806 1213 856 eon·

41 899 220 989 fidentibus,
243 924 356 973 nocere
377 910 444 972 lam
466 907 502 972 in
522 925 658 992 persona
680 924 775 991 quam
796 905 832 972 in
852 905 947 973 rebus
968 905 1144 973 voluerunt

129 1018 302 1107 Propterea
322 1042 387 1089 non
409 1026 459 1090 est
480 1021 645 1089 eonsilium
663 1021 833 1089 aecclesiae
851 1027 988 1108 nostrae,
1011 1028 1048 1088 ut
1061 1022 1103 1089 ad
1116 1020 1213 1089 collo·

40 1134 152 1222 quium
165 1143 316 1225 uestrum,
340 1138 422 1206 sicut
436 1138 556 1207 dietum
569 1139 682 1224 fuerat
698 1138 876 1224 veniamus3
898 1138 1048 1227 precipue
1062 1158 1103 1207 ne
1119 1158 1212 1206 excu-

39 1252 198 1321 sationem
219 1255 304 1342 apud
326 1254 476 1324 domnum
496 1274 605 1341 regem
626 1254 785 1341 habeatis,
809 1256 893 1344 quod
913 1276 972 1344 pro
986 1274 1083 1323 causa
1103 1260 1213 1323 nostra
1320 1288 1323 1295 ·

39 1369 81 1436 ad
102 1370 225 1438 curiam
245 1371 356 1459 ipsius,
380 1372 532 1459 adquam
553 1372 619 1439 iam
639 1372 738 1439 tercio
761 1394 802 1440 ox
823 1372 1021 1461 coequalium
1034 1376 1211 1439 saeuorum

37 1486 156 1554 iudicio
178 1493 308 1556 uocatus
338 1490 429 1575 esde,
456 1490 564 1557 venire
590 1490 830 1578 supersedeatis.
920 1488 971 1557 De
991 1490 1116 1557 iniuriis
1137 1508 1213 1557 sero

38 1610 71 1672 et
100 1604 263 1692 dampnis,
292 1626 352 1693 que
372 1606 463 1675 nobis
486 1628 526 1675 ex
547 1612 653 1675 vestro
675 1606 824 1675 mandato
847 1607 868 1675 b
888 1607 1002 1674 asebis
1024 1606 1212 1693 infmuntur,

37 1720 147 1789 rideat
160 1720 247 1789 Deus
262 1727 296 1790 et
308 1722 439 1807 iudicet3
464 1728 496 1791 et
509 1744 577 1810 nos,
601 1722 656 1810 qui
669 1723 821 1791 hactenus
835 1724 991 1793 taenimm
1007 1728 1040 1791 et
1052 1724 1213 1811 pacientes

35 1838 158 1905 fuimus
189 1842 260 1905 tum
288 1860 348 1927 pro
375 1840 553 1908 reverentia
578 1860 733 1928 personae
760 1844 884 1908 vestrae
911 1846 981 1907 tum
1009 1860 1068 1929 pro
1095 1840 1214 1909 honere

37 1953 211 2023 aecclesiae
224 1960 358 2041 vestrae,
382 1956 472 2043 quasi
486 1956 697 2045 paturientes
714 1952 907 2045 loquemnr¹,
928 1962 962 2024 et
975 1977 1023 2045 aa,
1047 1976 1127 2044 quae
1141 1978 1214 2045 per·

35 2070 181 2156 tulimus,
205 2092 284 2159 quae
297 2072 435 2140 uidimus
458 2078 490 2140 et
512 2074 699 2161 audivimus,
721 2076 756 2142 in
772 2074 923 2143 aecclesia
935 2073 1078 2142 Romana
1092 2094 1214 2142 annun-

36 2188 120 2255 liare
142 2188 382 2256 maturabimus.
418 2188 581 2277 Siquidem
596 2190 631 2257 in
645 2192 743 2261 verbo
759 2196 868 2259 nostro
890 2190 980 2259 nulla
1000 2192 1105 2281 potuit
1125 2191 1214 2260 inve·

35 2304 102 2371 niri
116 2305 347 2392 tergiversatio,
367 2326 439 2374 cum
457 2306 628 2375 electorem
642 2308 793 2394 iudicum,
812 2309 959 2395 aquibus
975 2308 1136 2396 appellare
1150 2328 1214 2376 non

34 2420 123 2507 licet,
148 2423 342 2490 sentenciam
359 2423 464 2492 subire
478 2424 640 2511 vellemus,
656 2425 775 2492 domini
789 2425 936 2493 videlicet
950 2431 983 2493 et
997 2426 1099 2513 patris
1112 2425 1214 2491 nostri

35 2537 203 2605 karissimi
224 2538 508 2608 Patherburnensis
531 2537 686 2630 episeopi⁸
708 2562 768 2609 nec
789 2562 853 2609 non
874 2539 1040 2610 reverendi
1055 2540 1213 2609 Moneete-

34 2654 155 2723 riensis
171 2653 330 2745 episcopi‘
344 2662 437 2745 atque
452 2656 649 2727 dilectissimi
666 2658 767 2726 nostri
779 2655 1029 2744 Oeenbrugeneis
1044 2654 1211 2747 episcopii

34 2894 130 2967 261.
150 2898 309 2965 Weboldas
330 2898 511 2966 Heiaricam
537 2899 802 2989 archiepiscopum
824 2902 1042 2989 Mopoatiaom
1062 2902 1213 2986 donator,

152 3025 188 3079 at
200 3012 358 3081 Folcwiao
382 3017 420 3082 de
436 3016 645 3084 Saoleadercb
666 3042 797 3085 accam
819 3018 932 3085 reddat
949 3042 1078 3107 eamque
1092 3041 1213 3084 ecceta-

151 3132 358 3197 manicotioae
379 3132 493 3200 liberet.
1052 3131 1107 3216 (Μ.
1124 3132 1214 3217 243.)

81 3260 85 3267 ’
126 3262 393 3332 Reverentissimo
421 3266 457 3333 in
479 3264 604 3335 Christo
633 3266 803 3355 patrisne
832 3272 864 3335 et
889 3268 1015 3334 domino
1038 3266 1303 3351 H(einrioo)115⁰
1436 3318 1442 3334 .

28 3378 214 3450 venerabili
247 3385 375 3449 sanctae
408 3382 611 3467 Mogentinae
645 3383 815 3451 aecclesiae
848 3383 1083 3472 archiepiscopo
1115 3384 1213 3452 frater

28 3496 231 3581 Wlibaldus)
246 3497 308 3566 Dei
329 3499 432 3584 gratia
448 3498 492 3585 id,
516 3500 599 3588 quod
614 3502 713 3568 estin
730 3500 882 3570 aecclesia
895 3500 1060 3587 catholica,
1083 3502 1212 3587 exiguas

28 3615 200 3682 orationes
223 3619 254 3681 et
276 3615 424 3683 devotum
446 3618 619 3685 seruitium.

127 3728 321 3819 Multiplices
343 3732 516 3818 gratiarum
541 3733 678 3801 actiones
693 3738 818 3801 vestrae
841 3732 1016 3817 dignationi
1037 3732 1212 3820 referimus,

28 3848 122 3936 quod
152 3867 210 3914 nos
240 3852 271 3915 et
296 3846 469 3917 liberaliter
496 3849 637 3938 hospicio
663 3850 805 3937 recipere
828 3852 860 3917 et
879 3870 939 3937 per
959 3853 1080 3917 uestros
1102 3848 1213 3917 huma·

26 3965 171 4032 nissime
193 3962 348 4033 honorare
369 3985 434 4032 non
456 3965 620 4034 abnuistis.
649 3964 715 4033 Nos
731 3985 855 4053 quoque
869 3986 928 4053 pro
941 3965 1090 4033 facultate
1104 3970 1213 4033 nostra

27 4101 92 4149 nec
117 4080 321 4149 immemores
342 4100 402 4150 nec
422 4082 540 4168 ingrati
561 4082 689 4169 fuimus,
712 4087 761 4150 set
783 4102 856 4151 oum
870 4082 957 4150 omni
971 4082 1075 4149 studio
1090 4101 1127 4149 ac
1141 4080 1213 4149 dili-

27 4197 148 4283 gentia
176 4194 218 4263 ad
242 4196 484 4284 completionem
505 4203 629 4268 uestrae
650 4198 823 4268 voluntatis
845 4202 878 4267 et
898 4198 1071 4266 amicorum
1090 4203 1212 4267 resno

107 4331 137 4385 1.
156 4328 359 4399 nemeaea
430 4333 456 4387 a.
475 4331 600 4401 nasa,
617 4332 660 4388 14.
737 4332 763 4386 a.
786 4328 949 4387 namnam
1025 4330 1053 4387 s.
1075 4327 1211 4389 warnos.

29 4418 57 4475 e.
83 4418 223 4490 nemppe

942 4517 1000 4573 ns*
