3117 4859
431 304 581 351 wmannr
600 302 765 352 mmmm
789 302 843 350 ιιι.
944 332 945 335 ,
1154 286 1220 355 265

68 444 132 532 quis
157 445 265 513 bonus.
360 444 503 512 Domnus
533 464 656 531 quoque
682 466 767 533 papa
793 466 852 513 sua
877 445 1072 513 humanitate
1100 452 1133 514 et
1160 447 1222 515 ele-
1251 452 1319 509 1149

66 562 173 629 mantia
192 580 251 627 nes
272 560 350 643 fecit
370 561 525 629 veraciter
546 581 634 647 suos,
663 562 710 629 ita
731 568 767 629 ut
788 563 910 631 karitas
930 562 1017 629 foras
1037 563 1162 631 miserit
1181 566 1222 631 ti·

65 696 182 744 marem.
229 678 328 757 Quam
355 698 396 743 ex
421 683 529 745 nestm
551 679 677 746 nomine
699 680 810 747 intime
832 678 1024 763 salutabitis,
1052 680 1222 748 immensas

10 814 14 823 ·
66 794 225 879 aigratias
246 814 304 882 pro
326 795 481 863 universis
505 793 662 863 benefieiis
684 800 811 862 nostrae
832 796 983 883 parvitati
1007 795 1128 863 collatis
1142 797 1223 865 reie-

10 940 11 943 ¹
65 917 168 979 rentes.
260 911 364 978 Dicite
391 914 499 978 nostro
529 913 686 979 communi
716 914 818 979 amico
839 912 1039 995 cancellario,
1068 913 1167 998 quod,
1195 914 1223 980 si

64 1048 215 1114 uunquam
238 1029 276 1096 de
298 1032 421 1095 ιιιιιιι
443 1026 618 1095 Romanam
640 1028 824 1096 aecclesiam
846 1034 878 1095 et
897 1028 1014 1096 Urbem
1033 1029 1222 1114 videremus,

64 1144 348 1213 siremotiasimam
370 1144 531 1211 heremum
553 1143 777 1230 habitaremus,
801 1145 852 1212 sui
872 1149 979 1213 tamen
1001 1144 1135 1231 quodam
1158 1146 1223 1212 sin·

64 1260 156 1345 galeri
179 1260 273 1328 modo
296 1280 452 1345 essemus,
476 1266 509 1327 et
531 1282 577 1345 ea,
601 1281 681 1347 quae
702 1262 794 1329 nobis
815 1282 874 1349 per
894 1260 1017 1329 litteras
1039 1282 1112 1329 suas
1133 1282 1224 1329 man·

63 1377 151 1463 davit,
173 1398 275 1464 usque
297 1378 339 1445 ad
360 1377 477 1444 salsam
500 1376 666 1462 diligenter
688 1377 932 1446 observabimus.

141 1492 287 1561 Misimus
306 1494 346 1560 ad
361 1494 457 1581 pedes
471 1494 600 1581 pietatis
615 1500 739 1561 vestrae
754 1494 901 1562 abbatem
917 1492 1194 1562 Herseveldansem
1204 1492 1221 1562 ¹.

61 1610 115 1689 Qui
135 1611 285 1697 quoniam
307 1610 373 1677 vim
395 1612 530 1698 patitur,
552 1611 740 1698 respondete
762 1629 818 1677 vos
840 1630 901 1698 pro
921 1610 993 1694 illo,
1016 1610 1091 1697 quia
1110 1613 1222 1697 nescit,

61 1726 130 1811 quid
151 1726 239 1793 dicat
259 1727 396 1793 inimicis
412 1726 493 1809 suis;
516 1732 607 1793 tanta
621 1732 670 1795 est
682 1727 846 1794 hominum
862 1728 1024 1794 temeritas
1039 1731 1072 1794 et
1084 1728 1222 1795 vesania

10 1898 12 1931 ,
61 1840 187 1909 Summa
210 1844 375 1930 peticionis
397 1847 524 1911 nestrae
546 1864 605 1932 pro
622 1844 731 1911 eodem
747 1844 860 1911 abbata
874 1843 952 1911 haec
966 1848 1024 1928 est,
1046 1849 1084 1910 nt
1103 1846 1133 1911 ei
1155 1843 1223 1911 offi-

10 1950 11 1961 *
59 1958 136 2026 cium
159 1980 255 2027 suum
277 1960 362 2047 apud
384 1960 534 2027 domnum
555 1980 672 2047 papam
689 1960 939 2047 recuperetis-
955 1960 1049 2046 quod,
1072 1961 1101 2027 si
1116 1961 1223 2046 vultis,

61 2081 90 2142 ιι
107 2078 300 2163 potestis-
317 2077 439 2161 deinde,
462 2081 499 2143 nt
514 2078 598 2164 apud
615 2078 764 2144 domnum
778 2072 1008 2161 Bremeusem¹,
1031 2078 1115 2163 quod
1135 2078 1225 2145 vobis

58 2192 145 2261 facile
168 2200 228 2277 cst,
252 2194 431 2277 obtineatis,
454 2199 491 2259 nt
513 2214 584 2260 aum
606 2194 641 2260 iu
657 2193 785 2261 abbatia
805 2214 864 2260 sua
882 2193 1029 2261 resdtuat
1050 2198 1083 2259 et
1097 2195 1224 2260 cansdm

59 2328 144 2377 suam
167 2311 319 2377 cauomeo
341 2308 404 2377 line
425 2310 583 2377 terminet.
630 2310 784 2397 Quicquid
806 2308 881 2377 huic
901 2309 1055 2395 feceritis,
1078 2310 1157 2375 mihi
1177 2311 1224 2377 fe-

59 2426 171 2493 ceritis.
208 2426 331 2511 Videte,
355 2446 450 2513 quum
463 2428 664 2493 immemores
678 2427 775 2494 vestri
793 2427 900 2493 simus.
939 2425 1011 2492 Non
1026 2430 1075 2492 ιιι
1089 2426 1224 2492 dictum:

51 2544 225 2628 feminae,
250 2543 333 2628 quod
355 2543 395 2610 de
416 2544 567 2631 preterito
591 2548 622 2609 et
642 2542 748 2609 futuro
771 2543 902 2626 dicitur,
924 2546 987 2610 set:
1010 2546 1117 2625 amaa,
1141 2541 1225 2628 quod

59 2664 104 2726 cst
124 2660 165 2726 de
188 2660 340 2746 presenti,
362 2658 422 2727 hoe
444 2664 493 2727 est
514 2659 553 2726 de
576 2659 770 2727 aeternitate.

142 2774 291 2843 lleditati
312 2776 471 2843 fueramus
494 2776 690 2862 questionem
718 2777 757 2842 de
779 2775 937 2842 creatione
959 2774 1141 2858 augelorum
1161 2794 1226 2842 non

58 2890 242 2977 ignobilem
267 2910 362 2978 qnam
385 2892 553 2959 eruditioni
567 2898 692 2959 vestrae
715 2892 852 2959 seribere
874 2895 1095 2975 statueramus,
1116 2894 1154 2957 ιιι
1174 2912 1225 2958 ra·

58 3010 232 3098 spondendi
257 3009 444 3077 necessitate
467 3009 607 3075 studium
628 3014 769 3076 vestrum
792 3008 1011 3075 excitaremus.
1039 3007 1225 3076 idemtidem

57 3128 294 3213 inquisitionem
316 3131 454 3193 vestram
484 3128 550 3193 sive
572 3125 826 3192 ratiocinationes
849 3129 882 3191 ιι
903 3130 1088 3209 argumenta
1109 3125 1148 3192 de
1169 3126 1227 3191 illa

58 3250 163 3311 vestra
185 3243 323 3331 positiva
342 3243 469 3309 iusticia
481 3261 612 3330 poscere
627 3242 749 3309 avobis
763 3240 955 3326 volebamus,
978 3245 1015 3307 ut
1029 3261 1087 3308 uos
1102 3262 1226 3329 quoque

58 3361 105 3428 val
127 3359 319 3429 conferendo
340 3359 392 3426 val
414 3358 600 3447 opponendo
623 3358 673 3425 vel
695 3358 917 3425 consentiendo
939 3357 1150 3443 vigilaremus.

145 3474 276 3544 Utinam
302 3474 397 3543 liceat
422 3475 528 3560 nobis,
557 3496 613 3541 vos
641 3475 680 3542 ab
703 3474 788 3542 Urba
813 3480 1006 3542 revertentes
1027 3474 1111 3541 uluis
1132 3495 1227 3543 verae

59 3594 200 3661 caritatis
216 3591 430 3681 amplexatum
448 3592 632 3675 deosculari,
655 3611 692 3657 ac
707 3591 746 3658 da
769 3596 855 3657 statu
877 3596 1093 3659 sacrosanctae
1114 3593 1226 3659 matris

58 3718 186 3779 nostrae
207 3709 367 3776 Romanae
390 3706 538 3776 ecclesiae
565 3728 623 3775 nec
649 3728 713 3774 non
742 3707 782 3775 de
809 3708 901 3792 regni
921 3708 1022 3774 nocui
1042 3708 1227 3776 habitudine

59 3832 89 3894 et
110 3828 150 3894 da
172 3826 274 3893 tocius
296 3825 406 3893 mundi
427 3825 579 3911 qualitate
600 3824 749 3891 seoretius
772 3824 935 3891 vobiscum
957 3844 994 3891 ac
1014 3824 1131 3891 diutius
1153 3844 1227 3891 con·

58 3944 149 4011 ferre.
185 3942 265 4009 Fere
288 3942 373 4009 enim
394 3940 479 4009 solus
502 3943 578 4009 estis
601 3945 656 4007 aut
674 3941 757 4007 inter
773 3942 980 4027 paucissimos
994 3962 1087 4025 nnus,
1111 3942 1164 4026 qui
1187 3941 1226 4008 de

59 4060 107 4127 bis
131 4060 270 4146 aliquam
292 4058 466 4126 meditandi
487 4058 573 4124 viam
595 4056 718 4141 ingredi
740 4061 773 4123 ιι
795 4057 956 4125 ambulare
977 4056 1138 4123 noveritis.

131 4219 158 4273 1.
182 4216 310 4275 Adonem
321 4217 449 4275 abbatem
461 4213 699 4272 Harseieldensem
717 4214 776 4271 sive
790 4213 1034 4271 Recenteldensem
1048 4212 1147 4281 (dioec.
1162 4213 1226 4270 Bra

61 4307 185 4376 nands).
207 4306 249 4365 cl.
269 4322 313 4377 ap.
326 4307 377 4362 161
395 4303 476 4361 infra
547 4306 573 4361 2.
590 4304 761 4359 Hartvvieum
776 4304 1023 4375 archiepiscopum.
