3117 4859
334 262 400 331 302
667 284 816 331 romanor
837 282 1024 333 nrrsnoone
1045 282 1098 329 rer.
1114 282 1166 329 ras.

247 444 316 503 1149
333 428 367 491 et
392 424 597 511 prosperitati
617 430 725 493 nostre
746 431 898 511 tanquam
919 424 1065 513 specialis
1085 426 1175 509 regni
1196 431 1230 493 et
1250 429 1357 492 noster
1378 421 1511 493 enirn·

333 540 505 627 plurimum
527 543 732 627 congaudeas.
766 542 857 621 Quod
878 548 983 611 autem
1005 544 1040 611 in
1062 543 1198 610 adventu
1218 547 1327 609 nostro
1347 539 1493 607 aecelcsia

334 662 366 724 et
391 678 523 742 regnum
551 661 585 727 in
613 660 835 727 reformatione
860 662 948 748 pacis
970 658 1127 747 proficiet,
1156 658 1350 727 orationibus
1371 662 1494 725 sancus

333 774 502 843 eecclesiae
530 780 563 843 et
588 782 653 843 tam
677 776 807 843 consilio
829 797 924 862 quam
945 776 1064 845 eunilio
1085 775 1225 845 fidelium
1246 776 1337 860 regni
1358 774 1495 841 obtinere

333 891 556 959 desideramus
581 892 762 961 industriae
775 894 873 977 igitur
887 899 961 961 tuae
975 894 1152 961 mandando
1167 892 1406 976 committimus,
1424 910 1496 977 qua·

332 1008 418 1075 tinus
441 1010 526 1075 omni
548 1010 710 1077 occasione
727 1011 904 1096 postposita
919 1010 960 1077 ad
974 1012 1104 1095 curiam
1127 1031 1221 1096 quam
1235 1011 1270 1077 in
1284 1007 1497 1095 assumptione

333 1130 460 1193 sanctae
482 1122 618 1193 Mariae¹
633 1124 853 1194 Frankeuvort
874 1128 1060 1195 celebraturi
1082 1106 1201 1211 sumus,
1223 1127 1331 1195 venire
1352 1144 1420 1191 non
1441 1122 1497 1189 dif-

332 1241 431 1324 ieres3
455 1242 508 1309 ubi
531 1249 596 1309 tam
619 1243 658 1309 de
680 1244 814 1332 privetis
836 1264 932 1329 quam
953 1244 1087 1331 publicio
1108 1244 1247 1327 negociis
1266 1243 1388 1309 nosne
1409 1240 1497 1307 inmi-

331 1356 404 1425 liari
431 1364 535 1425 tecum
563 1359 692 1427 oonsilio
719 1362 886 1427 convenire
912 1361 1115 1429 intendimus.
1203 1359 1289 1438 Quae
1316 1356 1497 1426 Oorbciensi

332 1475 501 1543 meclesiee
527 1497 586 1563 pro
608 1481 664 1544 tna
685 1476 852 1545 dilectione
876 1478 912 1545 iu
933 1477 1085 1563 abbatiis,
1114 1477 1279 1545 caminata
1300 1474 1450 1542 videlicet
1468 1478 1499 1538 et

332 1590 515 1677 visebacho,
532 1594 730 1678 contulimus,
746 1595 788 1661 ad
801 1614 877 1661 usos
892 1596 960 1661 eins
973 1595 1041 1662 Deo
1056 1601 1213 1661 annuente
1226 1590 1496 1669 conservabimue3

331 1709 424 1793 certi,
458 1710 542 1795 quod
568 1709 771 1778 corbeienses
798 1712 980 1798 pecuniam
1008 1732 1104 1797 quam
1129 1710 1298 1778 iuramenti
1326 1708 1499 1775 assertione

330 1826 548 1911 prominerent,
572 1827 786 1896 indubitanter
806 1828 898 1895 nobis
913 1829 1110 1916 >persolvant

335 2036 420 2109 182.
442 2040 605 2108 Heinricee
626 2046 707 2131 repis
728 2047 868 2111 notamus
889 2044 1029 2111 Ws'boldo
1051 2044 1223 2130 respondet,
1247 2064 1352 2129 repam
1373 2040 1498 2105 meto

441 2160 505 2223 dese
526 2182 654 2225 murum
678 2184 740 2225 esse
762 2161 801 2225 de
822 2161 931 2247 tepetis
954 2160 997 2224 ad
1010 2160 1170 2225 Romanos
1192 2170 1222 2223 et
1237 2182 1362 2246 papam
1377 2159 1497 2221 mitten·

441 2275 497 2351 dis,
521 2275 559 2340 de
582 2277 774 2364 expeditione
795 2279 830 2341 ἐπ
849 2276 975 2341 Italiam
994 2276 1216 2362 promeomdo,
1239 2276 1279 2341 de
1300 2277 1422 2360 Apnete
1443 2274 1498 2337 de·

440 2392 519 2457 cissa
540 2391 691 2459 Pelopiae
711 2393 909 2457 restituenda.
1337 2386 1393 2471 (bl.
1413 2387 1496 2466 170.)

243 2530 312 2587 1149
418 2523 553 2591 Domino
591 2544 647 2590 suo
682 2522 852 2606 Wtibeldo)
889 2522 1071 2591 Oorbeicnsi
1107 2529 1139 2591 et
1176 2521 1356 2591 Stabniensi
1393 2520 1497 2589 abbati

329 2636 540 2723 Hteinricus)¹
562 2661 637 2707 snus
660 2640 824 2707 servitium
846 2640 938 2708 servi.

419 2756 508 2823 Sicut
529 2756 669 2841 dignatio
690 2762 798 2823 vestro
817 2756 897 2826 mibi
918 2756 1069 2843 precepit
1094 2755 1218 2823 litteras
1240 2760 1362 2822 vestras
1385 2754 1496 2821 domno

329 2872 396 2957 regi
424 2874 624 2940 transmissas
653 2873 692 2940 de
715 2873 810 2940 verbo
839 2873 879 2939 ad
902 2872 1032 2940 verbum
1059 2870 1195 2939 fideliter
1222 2871 1496 2958 ei=interpretates

329 3008 409 3055 sum.
440 2988 643 3056 Occasionem
663 3009 737 3056 vero
759 2988 944 3055 remanendi
959 2988 1045 3075 apud
1059 2988 1246 3057 Stabulaue·
1268 2988 1330 3057 etsi
1349 2987 1496 3055 sidomno

328 3126 402 3190 rege
416 3106 505 3173 robis
527 3107 697 3193 impetrere
718 3105 902 3191 potuissem,
925 3110 1080 3191 temptare
1102 3104 1200 3188 nolui,
1221 3110 1394 3192 propterea
1414 3104 1494 3190 quia

329 3222 525 3289 considerata
546 3222 743 3305 negotiorum
764 3220 1007 3307 multiplicitate,
1033 3226 1101 3287 tam
1121 3222 1190 3304 regi
1212 3242 1307 3308 quam
1328 3221 1420 3288 robis
1441 3220 1495 3285 boc

329 3336 515 3403 damnosum
530 3358 597 3405 esse
614 3334 830 3405 animadverti.
894 3336 1055 3403 Secretum
1069 3343 1129 3421 est,
1144 3338 1229 3423 quod
1243 3337 1323 3403 dico.
1355 3336 1494 3403 Domnus

328 3472 385 3520 rex
406 3452 594 3538 legationem
616 3460 682 3519 tam
704 3452 745 3519 ad
759 3451 915 3519 Romanos
937 3473 1033 3538 quam
1054 3454 1096 3520 ad
1117 3453 1268 3520 domnum
1290 3474 1411 3541 papam
1425 3472 1494 3521 con·

328 3569 399 3636 silio
421 3569 561 3639 fidelium
583 3589 710 3637 suorum
733 3569 880 3637 ordinere
901 3570 1045 3638 intendit
1076 3570 1113 3637 ln
1130 3570 1191 3637 boc
1204 3570 1336 3638 consilio
1350 3570 1492 3638 discretio

328 3692 434 3753 vestra
456 3689 570 3755 domno
592 3687 660 3771 regi
682 3687 861 3753 necessaria
882 3687 952 3753 erit
1027 3685 1076 3753 De
1098 3686 1300 3773 expeditione
1322 3687 1493 3773 qnoquein

328 3802 452 3871 ltaliam
473 3802 696 3891 promovenda,
719 3808 751 3871 et
773 3823 879 3870 sorore
900 3823 959 3869 sua
979 3798 1121 3871 ducisea'
1135 3801 1287 3871 Poloniae
1304 3802 1493 3871 restituenda

328 3939 385 3987 rex
408 3920 572 3987 consilium
587 3924 727 3986 vestrum
748 3918 864 3987 habere
887 3919 988 3987 debet
1066 3918 1129 3985 Pro
1151 3939 1230 4006 pace
1244 3920 1451 3989 restauranda
1464 3924 1493 3986 et

328 4033 542 4103 confirmanda
557 4036 695 4103 studiose
709 4055 766 4102 rex
782 4039 815 4102 et
829 4034 997 4103 efficaciter
1012 4034 1144 4103 laboret.
1168 4036 1279 4103 Omnis
1294 4036 1389 4103 bomo
1400 4034 1491 4103 debiti

329 4150 396 4216 sni*
418 4152 464 4218 ita
485 4151 652 4239 persolvat,
676 4154 711 4217 ut
732 4150 830 4217 nichil
852 4153 978 4218 omnino
999 4152 1097 4218 debiti
1118 4152 1167 4218 sui
1191 4174 1317 4241 semper
1339 4154 1458 4221 existat

804 4264 1020 4282 Ἄ

401 4324 421 4357 a.
442 4310 597 4359 stabulense.
658 4312 680 4359 b.
700 4315 735 4359 asc
750 4312 802 4359 ced.

400 4397 425 4451 1.
443 4396 517 4467 Aug.
530 4399 573 4453 15.
643 4398 670 4453 2.
688 4397 807 4454 Conrsdi
823 4398 897 4468 regis
914 4398 1045 4454 notarius.
1118 4400 1145 4455 3.
1164 4398 1284 4470 Agnets.
