3117 4859
392 268 541 317 wresrnr
561 266 748 319 urrerem
768 269 823 318 ser.
840 270 896 319 ass
1162 256 1229 325 389

47 414 178 479 utente
200 411 357 480 monendo
378 430 541 498 rogamus,
569 418 621 499 nt,
650 413 725 500 quia
745 413 907 501 predictus
927 414 1117 485 venerabilis
1138 421 1230 505 palor
1247 422 1318 480 uuo

46 532 166 597 noster
187 526 469 597 Potherburnensis
496 530 662 618 episeopus
684 531 831 616 sanguini
853 538 885 599 et
906 534 994 601 oarui
1015 554 1106 619 suae,
1134 554 1229 621 quam

45 664 148 713 nemo
173 664 323 733 umquam
346 646 417 713 odio
434 646 553 732 habuit,
576 666 640 715 nou
655 648 807 735 pepercit,
829 650 965 718 etvobis
978 654 1130 737 tunquam
1142 652 1229 739 patri

47 782 111 830 suo
126 770 320 849 reverenter,
335 768 372 831 ut
385 764 511 831 iustioia
524 764 559 831 in
573 782 630 831 suo
644 769 753 833 tenore
766 764 961 853 prooederst,
975 768 1080 853 esent,
1100 778 1229 855 preses·

46 880 192 965 benigne
204 880 390 967 admittatis,
402 886 434 950 et
443 880 620 969 predictum
633 880 852 965 Flolouinum)
863 881 1034 952 elementer
1048 884 1228 973 msoipiatis

46 1002 93 1082 et,
108 1016 194 1086 ,oum
218 998 386 1086 adportes
409 1003 533 1065 nostras
556 998 810 1086 appropinquare
832 1000 989 1087 ooperitis,
1011 1020 1111 1069 uxore
1126 1001 1228 1090 ipsium

44 1114 217 1181 nobiseum
240 1114 375 1182 uiduata
396 1120 430 1183 et
450 1114 511 1183 sibi
533 1116 690 1200 restituta,
714 1134 786 1183 eum
801 1121 929 1185 sanotae
942 1118 1155 1185 eommunioni
1168 1138 1227 1207 pa·

43 1236 143 1299 terne
164 1232 350 1299 restituatis.

46 1444 143 1517 262.
165 1446 330 1513 Hdorlws
352 1449 512 1537 episeopus
525 1446 697 1514 Meum
714 1444 856 1515 lotboldo
870 1452 1043 1537 respondet
1073 1450 1156 1519 Eleas
1169 1476 1226 1541 op·

160 1566 293 1653 possa
316 1564 441 1652 darell
460 1566 621 1653 otene
640 1564 776 1651 molot-
1065 1564 1120 1649 (lt
1137 1567 1226 1651 244.)

140 1697 335 1781 Hleinrieus)
359 1696 419 1765 Dei
447 1696 551 1783 gratia
572 1694 745 1764 Mmdensis
768 1696 935 1785 episeopus
956 1695 1129 1785 W(ibal(lo)
1150 1700 1316 1769 (lor-1150

44 1816 173 1885 baiensi
197 1814 313 1899 abbati,
334 1819 400 1881 tam
423 1814 552 1903 pietate
575 1832 670 1900 quam
692 1814 844 1882 seientiae
864 1814 982 1903 repleri
1004 1818 1128 1904 spiritu

140 1931 353 2001 Resoribimus
390 1930 583 1999 fialernitati
615 1930 767 2016 vestae',
805 1936 937 2017 urgente
973 1932 1111 2001 karitate
1146 1954 1229 2021 quaa

45 2050 160 2118 omnia
181 2047 300 2135 suffert,
322 2067 387 2116 uon
408 2053 530 2117 terrore
552 2047 720 2133 mineum,
743 2067 822 2135 quas
836 2050 994 2117 austerius
1008 2070 1103 2137 quam
1119 2050 1229 2119 (lassat

45 2166 226 2235 intentatis.
272 2164 465 2233 Confidimus
494 2166 578 2235 euim
606 2166 640 2233 in
669 2165 802 2235 soolssis
830 2165 973 2235 &mana
998 2167 1049 2235 vel
1075 2168 1111 2235 in
1138 2168 1229 2237 ouria

46 2286 152 2370 regis,
180 2283 340 2352 innooeuti
367 2283 576 2371 preiuolioium
604 2302 669 2351 non
694 2280 780 2370 fieri,
810 2283 969 2352 ledentem
993 2286 1105 2371 pooius
1131 2305 1228 2372 quam

45 2403 227 2491 parientem
251 2401 412 2469 sentencia
433 2399 599 2468 iudiciaria
619 2398 758 2467 multari.
804 2400 880 2487 Nos,
903 2400 1034 2469 euobis
1054 2401 1125 2487 lesi,
1148 2402 1227 2470 diei·

45 2540 120 2589 mur
144 2538 201 2586 vos
223 2516 350 2602 lesisse,
376 2536 445 2585 oum
468 2516 555 2585 Deus
577 2516 655 2583 mihi
678 2516 769 2584 testis
791 2517 850 2603 sit,
872 2536 1034 2603 nmquam
1056 2538 1123 2604 me,
1145 2538 1227 2585 nun·

46 2656 146 2723 quam
174 2654 318 2703 meorum
345 2633 481 2721 aliquem
509 2652 582 2701 mea
602 2632 765 2701 voluntate
793 2652 850 2700 seu
877 2632 1008 2701 oonsilio
1030 2633 1081 2702 vel
1107 2634 1226 2701 auxilio

47 2754 158 2821 robis·
185 2752 344 2837 nocuisse,
372 2756 421 2818 set
448 2755 572 2819 tantum
598 2750 637 2817 de
659 2748 785 2817 iniuriis
810 2749 902 2817 nobie
928 2748 1026 2817 illatis
1052 2751 1225 2819 fraternam

46 2870 298 2939 satisfaolionem
321 2867 520 2955 expetivisse.
555 2864 776 2935 Gorbeiensem
799 2864 994 2952 aeoelesiam,
1016 2886 1099 2954 quae
1119 2887 1171 2935 me
1193 2872 1227 2935 et

46 2984 197 3056 muoarit
229 2990 262 3053 et
296 2985 447 3069 erudivit,
482 3003 585 3070 neque
613 3003 743 3072 prorsus
767 2983 903 3071 ¹despexi
928 3002 1030 3070 neque
1056 2982 1226 3051 indisereta

44 3104 195 3187 mvi,
219 3108 268 3171 set
283 3121 415 3171 veneror
437 3106 470 3169 et
482 3100 670 3184 venerabor3
694 3101 882 3169 iniuriarum
904 3105 1086 3168 nostrerum
1107 3099 1225 3169 solum·

44 3220 144 3289 modo
173 3219 433 3303 satisfactionem,
466 3220 548 3286 siout
575 3218 729 3306 expetivi,
758 3222 882 3307 expeto.
913 3216 1023 3296 =Quoo
1048 3217 1139 3285 vobis
1165 3238 1225 3305 per

44 3338 247 3431 prepositum
268 3335 489 3421 Adelbertum,
516 3354 575 3423 per
601 3335 795 3403 saoerdotem
818 3333 1002 3402 Heinrloum
1022 3334 1058 3401 in
1079 3354 1224 3403 sermone

44 3454 215 3539 menllevi,
243 3453 449 3542 complessem
472 3457 505 3521 et
525 3472 635 3541 opere,
665 3452 693 3519 si
716 3452 979 3537 satisfactionem,
1005 3470 1086 3538 quae
1106 3452 1224 3520 uostris

44 3571 195 3640 fidelibus
217 3571 314 3637 immo
338 3575 370 3637 et
392 3568 579 3656 quibusdem
601 3569 715 3636 vestris
738 3568 881 3657 plenaria
898 3567 1069 3653 videretur,
1092 3567 1224 3657 optulis-
1346 3591 1349 3597 ⁴

45 3690 137 3759 setis.
184 3686 356 3755 Consilium
381 3691 523 3755 nostrum
547 3691 580 3753 et
600 3684 731 3754 verbum
754 3686 794 3751 de
815 3704 912 3753 eausa
932 3685 1083 3753 canoniea
1103 3704 1168 3752 non
1188 3684 1224 3752 in

46 3828 103 3876 ore
127 3805 279 3873 laieorum
301 3805 475 3893 posuimus,
499 3809 548 3872 set
568 3803 657 3892 paois
674 3801 908 3890 oomponendae
921 3802 1025 3888 gratia
1038 3800 1223 3869 olerioorum

47 3944 85 3991 ao
108 3922 262 3990 laieorum
284 3920 434 4007 idolium,
457 3922 540 3989 mont
561 3924 594 3987 et
608 3940 675 4005 vos,
697 3920 748 3986 usi
770 3938 879 3987 sumus
897 3918 1037 3986 oonsilio.
1068 3916 1223 3986 Violentis

46 4046 80 4110 et
109 4039 271 4125 sacrilegis
300 4058 351 4109 res
381 4038 548 4107 aeoolesiae
576 4036 798 4126 diripientibus
825 4056 885 4104 neo
912 4035 1140 4103 eommunioari
1164 4052 1223 4102 nee

47 4158 260 4239 eommunieo3
290 4176 367 4243 quos
395 4156 507 4242 etiem,
536 4155 564 4222 si
590 4154 774 4222 manifestos
801 4172 993 4239 oofflosero,
1019 4157 1057 4219 ut
1077 4150 1222 4219 inimicos

47 4274 108 4349 Dei
123 4275 241 4343 deuito.
271 4272 345 4341 Filii
359 4274 448 4363 paois
463 4292 588 4355 sumus3
610 4290 721 4361 paoem
735 4270 825 4339 vobis
841 4268 1012 4359 optulimus
1027 4288 1092 4356 ore,
1110 4286 1222 4359 paoem

118 4433 139 4467 ι
160 4418 252 4467 nosen
268 4418 380 4464 excuso
395 4416 489 4465 vetor.
550 4414 574 4465 a.
589 4416 679 4463 vem
695 4430 738 4462 ω.
748 4413 801 4464 os.
861 4426 882 4461 a
897 4426 939 4461 m
