3117 4859
399 269 549 319 nmmmr
569 268 757 321 memnonos
778 271 919 320 res-ne
1181 256 1248 325 209

74 408 185 475 vidum
199 410 321 497 pepuli,
335 411 462 497 lnbnlis,
478 413 507 480 si
522 415 647 500 qnando
661 414 783 497 vacari,
797 413 864 481 iam
879 434 944 481 non
964 414 1129 499 intersum,
1151 436 1247 500 vaga·
1266 420 1337 477 1148

72 523 212 593 tionibus
234 523 331 595 finem
353 528 435 596 dedi.
469 528 513 597 Et
535 532 732 598 econtrario
754 531 884 598 intendo
906 532 1093 619 scriptores,
1116 531 1247 599 cbornm
1347 524 1351 531 ’

72 640 254 727 lreqnento,
283 644 386 713 scolae
413 646 567 733 petitione
588 648 723 715 fratrum
749 648 808 715 snb
829 648 981 733 magistro
1004 668 1075 715 meo
1097 647 1246 715 Heinrioo

71 756 233 843 deservio,
261 762 316 847 qni
345 782 447 849 nuper
476 760 601 830 edificia
627 762 820 832 infirmariae
847 762 980 831 mirilico
1007 764 1246 831 consummavit

70 872 219 961 Denique
232 876 293 945 boc
306 877 410 945 solmn
423 884 534 964 restat,
547 880 631 967 qnod
640 886 748 949 restra
761 882 924 970 presentia
937 901 1039 966 careo,
1052 902 1115 967 qna
1127 880 1247 964 habita,

70 991 151 1059 nibil
174 993 255 1061 mibi
278 994 386 1063 deesse
409 996 562 1081 arbitror,
585 1002 618 1065 et
639 1003 675 1064 nt
698 1018 736 1065 ea
757 998 821 1066 cito
842 998 998 1085 perfruar,
1020 997 1083 1064 Dei
1104 996 1247 1084 omnipo-

70 1109 207 1177 tentiam
230 1130 334 1179 exoro.
370 1109 537 1181 Melotam¹
551 1119 620 1181 tnm
638 1133 698 1202 pro
712 1120 820 1181 resne
838 1115 1007 1182 dilectione
1027 1118 1098 1181 tnm
1117 1133 1176 1201 pro
1196 1113 1248 1180 sni

70 1225 210 1295 utilitate
226 1247 290 1295 non
304 1228 464 1297 modicum
479 1229 585 1315 diligo.
610 1229 723 1299 Valeat
739 1230 916 1319 paternitas
929 1235 1036 1299 vestra
1049 1230 1085 1297 in
1098 1230 1246 1297 Domino.

73 1436 161 1510 133.
185 1443 389 1511 Bmdardoe
411 1447 573 1533 episeopus
594 1446 866 1513 Hildesbeimeaes‘o
888 1472 909 1513 o
938 1447 1079 1515 Wtoldo
1097 1447 1191 1533 petit,
1213 1455 1250 1510 ot

183 1549 365 1617 Heicrieom
378 1551 402 1619 I
417 1554 575 1641 qnondam
597 1556 738 1622 aotam
751 1555 963 1621 Cor-deiectam
984 1554 1145 1620 Corbeiom
1166 1555 1247 1617 reci·

214 1660 262 1724 ‘ct
1131 1708 1139 1723 .
1159 1658 1232 1723 129.

160 1682 342 1841 eimardus
362 1774 424 1841 Dei
446 1776 549 1861 matio
568 1776 889 1845 Hildenesheimensis
912 1656 1248 1842 aecclesiaeffiinistei
1272 1775 1343 1832 1148

69 1888 202 1955 humilis
237 1890 410 1957 venerabili
442 1892 536 1960 fratri
563 1892 708 1961 Wiboldo
738 1892 922 1960 (lorbeiensi
950 1891 1057 1959 abbati
1089 1892 1248 1957 sincerum
1264 1849 1346 1898 Μ

69 2005 103 2071 in
126 2005 267 2073 Domino
289 2008 497 2075 fraternitatis
521 2028 558 2077 ao
580 2010 757 2077 dilectionis
781 2007 938 2076 affectum

160 2121 338 2189 antnosos
367 2143 403 2190 ac
425 2126 532 2191 varius
554 2125 765 2193 bumanorum
792 2125 1009 2193 calamitatum
1037 2128 1167 2191 eventus
1189 2143 1247 2189 nos

69 2244 250 2324 ammonet,
285 2238 408 2307 afflictis
443 2242 582 2329 compati
611 2247 657 2327 et,
691 2243 725 2309 in
760 2241 894 2309 aliorum
927 2260 1077 2330 pressura
1107 2238 1248 2306 dolorem

68 2358 218 2421 nostrum
245 2354 295 2422 vel
322 2356 464 2424 laborem
491 2358 741 2443 considerantes,
770 2359 922 2425 contritos
950 2358 1044 2424 corde
1071 2371 1249 2443 proposse

67 2478 181 2537 nostm
205 2472 335 2539 oonsilio
359 2480 453 2561 atque
476 2474 594 2541 auxilio
618 2474 791 2542 sublevare.
826 2473 939 2541 Frater
958 2475 1066 2560 itaque
1080 2472 1247 2539 Heinricus

68 2587 233 2674 qnondam
256 2589 352 2656 abbas
375 2588 536 2675 Gorbeiae,
559 2611 643 2657 nunc
666 2596 772 2657 autem
794 2611 891 2657 mann
905 2590 1035 2656 Domini
1053 2588 1248 2672 humiliatus,

67 2705 112 2771 ad
133 2724 194 2771 nos
218 2706 409 2791 confugiens,
433 2706 586 2791 obsecrat,
609 2713 645 2774 ut
667 2712 776 2774 nostro
798 2708 978 2773 interventu
999 2705 1250 2773 misericordiam

67 2821 159 2909 apud
180 2842 238 2888 vos
260 2822 410 2908 inveniat,
434 2823 581 2890 videlicet
603 2829 639 2890 nt
656 2829 687 2890 et
701 2824 735 2889 in
758 2822 931 2890 claustrum
945 2822 1151 2909 professionis
1174 2840 1250 2886 snae

67 2938 208 3022 benigne
230 2938 322 3005 illum
341 2939 503 3025 recipiatis
519 2946 551 3006 ct
565 2945 699 3028 paterna
713 2940 927 3007 consolatione
941 2940 1167 3006 contricionem
1182 2937 1249 3003 eins

68 3054 266 3122 sublevando
288 3056 431 3123 foveatis.
466 3054 509 3122 Et
532 3058 607 3142 quia
628 3058 710 3125 forte
733 3058 906 3144 suspicioni
919 3056 1009 3123 robis
1033 3060 1090 3140 est,
1113 3075 1154 3121 ne
1176 3074 1249 3120 oon-

67 3173 261 3239 troversiam
284 3193 419 3259 persone
433 3178 556 3240 vestae
580 3174 665 3261 opnd
688 3174 809 3261 sliquos
824 3178 999 3240 vestratem
1016 3171 1183 3238 interiores
1198 3168 1249 3236 vel

69 3288 246 3355 exteriores
269 3294 411 3375 generet,
441 3308 670 3376 quamcumque
700 3290 848 3375 dignam·
869 3290 1101 3373 indicaveritis,
1130 3287 1169 3354 de
1190 3287 1250 3352 bac

68 3424 169 3471 cansa
197 3406 417 3472 certitudinem
450 3412 481 3473 et
514 3411 769 3494 perseverantem
798 3406 995 3489 obedientiae
1024 3404 1250 3471 subiectionem

69 3522 108 3589 ab
135 3540 173 3588 eo
197 3521 365 3609 recipietis.
400 3520 478 3589 Peto
500 3522 609 3607 igitur,
632 3528 677 3609 nt,
701 3524 785 3609 qnod
805 3542 862 3609 per
877 3543 935 3589 nos
951 3523 1092 3590 obtinere
1107 3540 1250 3607 esposse

69 3636 214 3723 confidit,
238 3638 414 3706 dilectionis
436 3644 562 3707 vestrae
584 3640 798 3707 benivolentia
821 3644 1039 3726 consequatur.
1074 3636 1194 3703 Valete.

73 3852 163 3925 134.
183 3854 391 3921 ‚Bostarem
413 3856 573 3942 episcopos
589 3852 859 3921 Hildesbcimensa'e
881 3855 1076 3922 Carteiam
1097 3853 1248 3933 bortatur,

183 3974 220 4028 ot
242 3984 304 4049 pro
328 3960 518 4029 Heinrieol
546 3963 704 4050 qnondam
738 3964 848 4027 abbate
877 3963 1038 4028 Gorbeiom
1071 3959 1248 4047 recipiendo

184 4071 275 4158 epod
301 4069 477 4136 Wiboldoon
496 4070 695 4135 interemant.
1086 4063 1141 4147 (ll
1160 4064 1248 4146 130.)

159 4184 367 4267 B(ernardns)
378 4184 440 4252 Dei
450 4184 555 4269 gretia
565 4182 887 4251 Hildenesheimensis
904 4182 1102 4271 dispensator
1118 4179 1248 4246 humilis
1264 4187 1345 4310 {¹0⁴2

145 4324 167 4359 ι.
189 4310 283 4369 dignum
298 4326 319 4357 c.

144 4391 170 4445 1„
189 4404 286 4445 omnm
304 4387 411 4458 melem,
428 4385 531 4443 Daoba

117 4484 197 4539 ἔκη’,
213 4488 357 4533 Bibliotheca
371 4488 388 4532 1.
983 4481 1019 4537 14
