3117 4859
402 280 550 331 wmsnnr
571 280 757 331 sumnonem
780 280 904 327 no.r11.
1166 260 1234 331 489

59 428 220 491 erratum.
254 422 349 491 Absit
370 422 475 491 autem
498 424 518 490 t
539 423 656 510 pietate
670 414 812 491 sordium
826 427 1013 508 verborum,
1035 427 1073 489 ut
1085 422 1358 511 meusnsrrnopx·
1374 450 1399 462 -

60 558 122 609 uos
143 541 180 607 iu
201 540 258 607 bus
280 540 484 634 eogitau'mes
508 545 563 608 ent
583 541 632 607 ire
652 538 834 626 impellente
847 539 900 607 vel
920 546 1010 607 motu
1030 499 1353 624 engeuteant¹1⁵¹¹²

61 654 198 723 alienius
219 654 336 723 laberis
358 654 492 742 mffngio
514 657 665 724 suadente
686 661 818 744 repente
838 656 1004 741 inuidisse,
1031 675 1105 723 oum
1126 655 1235 722 divina

60 772 183 840 inditia
203 773 237 840 iu
259 772 309 840 bis
331 774 431 840 multa
452 774 567 841 mentis
590 772 778 840 enutritione
798 772 1003 841 formidemus
1026 778 1059 839 et
1071 771 1234 839 bominum

60 888 238 957 munnae
261 895 293 957 et
314 889 466 957 elamores
488 889 649 957 uouuiobil
670 894 857 957 metuamus.
891 888 963 956 Etsi
982 908 1041 955 uos
1055 887 1235 975 duplimtae

60 1005 231 1090 dissuimus
253 1005 369 1091 andus
391 1005 556 1075 delectatio
579 1006 739 1091 titillaret,
768 1004 875 1093 pulum
895 1012 1003 1072 tamen
1024 1005 1068 1072 sit
1088 1003 1234 1071 omnibns

59 1126 151 1189 reete
171 1121 451 1209 eousidersutibus,
475 1120 557 1210 quod
580 1127 613 1189 et
633 1142 756 1189 morum
776 1127 810 1190 et
823 1123 1058 1209 possessionum
1070 1121 1235 1207 inrepara-

58 1237 142 1307 bilis
164 1238 354 1305 detrimenta
380 1239 415 1305 iu
442 1238 663 1326 protentione
688 1244 755 1307 tam
781 1244 977 1306 remotarum
997 1242 1031 1305 et
1051 1241 1118 1305 tam
1139 1256 1234 1321 grem

58 1354 153 1421 dium
167 1374 274 1423 rerum
289 1355 404 1423 eotidie
419 1355 636 1442 mseipiamus.
726 1354 841 1421 Exitus
857 1358 963 1422 autem
976 1358 1085 1421 uester
1099 1353 1120 1419 d
1132 1352 1233 1438 vobis,

58 1471 118 1558 qui
140 1471 229 1539 visus
252 1476 301 1539 est
323 1472 510 1557 quibusdem
537 1471 739 1559 perturbatus
763 1472 1016 1558 strepentium,
1045 1469 1138 1553 louge
1160 1474 1235 1537 aute

57 1588 169 1655 fucat
188 1588 335 1675 pruriens
359 1593 391 1655 et
410 1594 542 1675 propter
564 1587 715 1673 quasdam
737 1587 988 1672 vndferatinues,
1014 1606 1096 1673 queo
1116 1585 1137 1651 d
1157 1584 1235 1652 Gor·

58 1704 186 1772 bsisusd
212 1703 404 1771 monastmio
437 1724 496 1771 nos
524 1704 748 1788 molestabant,
782 1704 994 1787 neossserius3
1029 1722 1102 1771 num
1128 1701 1236 1769 anima

59 1826 175 1887 nosba
195 1820 323 1887 turbata
345 1824 429 1887 meet
449 1819 541 1887 valde
562 1820 597 1886 iu
618 1820 712 1888 rebus
727 1821 853 1906 vestris,
874 1840 939 1887 unu
957 1823 1089 1906 propter
1104 1818 1234 1907 alieuius

59 1936 154 2005 verbi
176 1936 428 2022 nnmmntinuem
451 1941 500 2003 set
520 1941 651 2023 propter
672 1937 769 2003 totius
791 1928 903 2003 terrae
917 1956 975 2022 per
997 1935 1089 2003 eedes
1106 1954 1166 2023 per
1186 1935 1236 2001 iu·

59 2052 176 2120 neudis
196 2072 255 2140 per
275 2053 404 2140 rapinas
427 2052 587 2119 ossiduam
601 2053 820 2120 tutationem.
853 2052 897 2120 Et
913 2052 1044 2119 tacitam
1058 2071 1128 2118 esse
1142 2071 1236 2138 oper·

58 2170 127 2236 tuit
152 2174 295 2236 nostram
321 2168 533 2253 egressionem
560 2173 690 2255 propter
724 2168 834 2237 aillieti
859 2168 970 2257 populi
996 2167 1235 2236 reelamatinues

59 2290 97 2353 et
117 2284 310 2353 retentiones
331 2285 518 2373 inportunas
541 2289 573 2351 et
593 2290 724 2372 prepter
745 2304 932 2371 magnorum
949 2291 981 2353 et
994 2283 1167 2353 multorum
1188 2284 1234 2351 ln·
1283 2288 1288 2296 '

58 2406 202 2487 bouum,
226 2401 419 2469 omniafere
440 2400 556 2468 itinera
577 2399 800 2487 obsidentium,
821 2402 964 2469 insidiae.
1002 2400 1123 2487 valete,
1146 2407 1179 2469 et
1199 2402 1233 2468 iu

58 2518 124 2585 ban
145 2518 256 2587 matris
278 2522 402 2587 vennae
425 2536 521 2585 nausa
541 2517 644 2585 saneti
667 2516 803 2605 Spiritus
827 2518 906 2585 assit
927 2517 1017 2585 vebis
1037 2518 1150 2603 gratia

61 2730 155 2802 311.
172 2732 332 2799 Ws'boldos
346 2730 481 2797 Heors'eo
501 2732 651 2798 monendo
668 2731 845 2798 Stedaleose'
860 2730 1001 2819 explicat,
1025 2754 1107 2821 qaae
1122 2754 1234 2797 enneae

174 2872 206 2914 ee
229 2849 404 2937 strependo
427 2850 611 2913 monasterio
636 2847 813 2915 Stabulenes'
834 2848 1015 2912 deterream.
1075 2844 1129 2928 (M.
1143 2846 1232 2929 294.)

152 2979 264 3049 Frater
285 2978 475 3063 Wfibaldue)
499 2980 601 3047 dietus
630 2980 726 3049 abbas
754 2979 868 3049 dileeto
895 2978 961 3046 filio
989 3000 1047 3047 suo
1070 2978 1357 3069 Hennenses
1373 3010 1398 3019 -

57 3096 322 3168 benedictionem.
1244 3054 1354 3109 ΠΜ

152 3212 202 3281 De
224 3218 319 3298 statu,
341 3213 438 3279 immo
462 3212 501 3281 de
522 3215 685 3282 nutatione
700 3212 799 3281 animi
813 3212 916 3281 uestri
929 3212 1046 3281 certius
1063 3234 1103 3279 ex
1117 3212 1233 3282 litteris

57 3326 298 3401 eommunibm¹
327 3328 444 3397 valebis
473 3330 643 3397 addiscere.
695 3330 783 3409 Quae
815 3334 921 3397 eutem
947 3349 1006 3396 nos
1034 3328 1055 3396 t
1080 3329 1233 3415 regimine

59 3446 260 3517 stabulensis
283 3446 467 3513 monasterii
488 3446 677 3531 deterreant,
698 3444 773 3513 lieet
786 3445 935 3535 ignorare
947 3426 1139 3532 uou‘possie
1162 3447 1233 3516 bre·

58 3566 146 3636 viter
168 3569 275 3631 tamen
295 3567 369 3631 tuae
391 3561 573 3647 vigilantiae
594 3561 825 3629 smotabimus.
859 3561 1025 3649 Inprimis
1047 3583 1164 3647 magua
1186 3546 1251 3631 est

58 3682 156 3749 ruina
178 3679 297 3747 ordinis
319 3679 437 3765 uestri,
461 3699 556 3765 quam
576 3677 612 3745 iu
634 3682 699 3745 tam
722 3676 892 3765 multiplici
912 3698 1019 3746 rerum
1040 3679 1232 3746 neeessaria-

58 3817 134 3867 rum
157 3795 280 3865 detentu
306 3815 365 3863 uos
394 3794 557 3863 sublevare
578 3815 672 3883 posse
693 3814 757 3861 nou
780 3792 975 3863 confidimus.
1021 3794 1120 3862 Porro
1142 3800 1233 3863 tanta

59 3918 112 3983 est
134 3912 220 4000 apud
240 3932 296 3980 vos
323 3932 430 3979 rerum
456 3912 594 3980 tenuitas
622 3917 654 3979 et
679 3910 858 3999 prebendae
883 3912 1060 3979 eotidiauae
1081 3911 1230 3997 defectus,

57 4036 97 4097 nt
120 4028 246 4097 etiamsi
267 4033 368 4096 tntum
390 4049 524 4115 reguum
549 4028 731 4095 firmissima
752 4047 832 4115 paee
853 4026 1025 4114 frueretur,
1047 4028 1102 4095 vix
1124 4034 1231 4096 tamen

59 4145 183 4214 valeret
204 4164 238 4213 se
262 4144 458 4214 Stabuleusis
480 4144 612 4214 ecelesia
633 4149 820 4213 sustentare.
861 4143 1016 4211 Advocati
1038 4144 1136 4212 vestri
1157 4164 1230 4232 pee-

59 4264 141 4333 eatis
163 4260 350 4329 fauentibus
372 4282 435 4329 uon
457 4267 532 4330 suut
552 4282 727 4350 pauperum
745 4260 935 4347 defensores,
958 4265 1007 4331 set
1021 4258 1229 4329 erudelissimi

132 4396 160 4451 1.
177 4409 223 4465 ep.
235 4393 288 4450 310
304 4408 398 4465 snpra.
