<?xml version="1.0" encoding="UTF-8"?>
<!DOCTYPE html PUBLIC "-//W3C//DTD XHTML 1.0 Transitional//EN"
    "http://www.w3.org/TR/xhtml1/DTD/xhtml1-transitional.dtd">
<html xmlns="http://www.w3.org/1999/xhtml" xml:lang="en" lang="en">
 <head>
  <title>
</title>
<meta http-equiv="Content-Type" content="text/html;charset=utf-8" />
  <meta name='ocr-system' content='tesseract 3.04.00' />
  <meta name='ocr-capabilities' content='ocr_page ocr_carea ocr_par ocr_line ocrx_word'/>
</head>
<body>
  <div class='ocr_page' id='page_1' title='image "./bibliothecareru05jaffgoog_0192.png"; bbox 0 0 3117 4859; ppageno 0'>
   <div class='ocr_carea' id='block_1_1' title="bbox 328 278 1111 348">
    <p class='ocr_par' dir='ltr' id='par_1_1' title="bbox 328 278 1111 348">
     <span class='ocr_line' id='line_1_1' title="bbox 328 278 1111 348; baseline -0.004 -10"><span class='ocrx_word' id='word_1_1' title='bbox 328 278 393 348; x_wconf 78' lang='lat'>184</span> <span class='ocrx_word' id='word_1_2' title='bbox 707 288 858 339; x_wconf 75' lang='lat' dir='ltr'>mum</span> <span class='ocrx_word' id='word_1_3' title='bbox 876 287 1042 339; x_wconf 71' lang='grc' dir='ltr'>ΙΡΜῸῙΔ</span> <span class='ocrx_word' id='word_1_4' title='bbox 1056 287 1111 335; x_wconf 64' lang='lat'>1⁰&amp;</span> 
     </span>
    </p>
   </div>
   <div class='ocr_carea' id='block_1_2' title="bbox 185 429 1558 4265">
    <p class='ocr_par' dir='ltr' id='par_1_2' title="bbox 237 429 1557 756">
     <span class='ocr_line' id='line_1_2' title="bbox 237 429 1482 527; baseline -0.003 -24"><span class='ocrx_word' id='word_1_5' title='bbox 237 444 309 503; x_wconf 77' lang='lat'>1148</span> <span class='ocrx_word' id='word_1_6' title='bbox 325 459 388 527; x_wconf 87' lang='lat' dir='ltr'>que</span> <span class='ocrx_word' id='word_1_7' title='bbox 414 435 455 505; x_wconf 89' lang='grc' dir='ltr'>Η.</span> <span class='ocrx_word' id='word_1_8' title='bbox 478 435 595 503; x_wconf 82' lang='lat' dir='ltr'>deceno</span> <span class='ocrx_word' id='word_1_9' title='bbox 623 439 656 503; x_wconf 90' lang='lat' dir='ltr'>et</span> <span class='ocrx_word' id='word_1_10' title='bbox 681 432 827 502; x_wconf 85' lang='lat' dir='ltr'>omnibus</span> <span class='ocrx_word' id='word_1_11' title='bbox 855 431 1004 501; x_wconf 73' lang='lat' dir='ltr'>ecclesiae</span> <span class='ocrx_word' id='word_1_12' title='bbox 1032 436 1161 499; x_wconf 78' lang='lat' dir='ltr'>metae</span> <span class='ocrx_word' id='word_1_13' title='bbox 1180 429 1301 500; x_wconf 77' lang='lat' dir='ltr'>itariae</span> <span class='ocrx_word' id='word_1_14' title='bbox 1327 432 1482 519; x_wconf 72' lang='lat' dir='ltr'>sanctique</span> 
     </span>
     <span class='ocr_line' id='line_1_3' title="bbox 325 548 1557 633; baseline -0.004 -11"><span class='ocrx_word' id='word_1_15' title='bbox 325 554 488 623; x_wconf 74' lang='lat' dir='ltr'>Lamberti</span> <span class='ocrx_word' id='word_1_16' title='bbox 515 551 673 621; x_wconf 89' lang='lat' dir='ltr'>canonicis</span> <span class='ocrx_word' id='word_1_17' title='bbox 701 550 801 618; x_wconf 81' lang='lat' dir='ltr'>frater</span> <span class='ocrx_word' id='word_1_18' title='bbox 819 548 982 619; x_wconf 72' lang='lat' dir='ltr'>illibeldus</span> <span class='ocrx_word' id='word_1_19' title='bbox 1004 548 1066 617; x_wconf 89' lang='lat' dir='ltr'>Dei</span> <span class='ocrx_word' id='word_1_20' title='bbox 1093 549 1196 633; x_wconf 70' lang='lat' dir='ltr'>gratia</span> <span class='ocrx_word' id='word_1_21' title='bbox 1218 548 1413 618; x_wconf 87' lang='lat' dir='ltr'>Stabnlensis</span> <span class='ocrx_word' id='word_1_22' title='bbox 1438 568 1484 617; x_wconf 87' lang='lat' dir='ltr'>ee·</span> <span class='ocrx_word' id='word_1_23' title='bbox 1556 619 1557 624; x_wconf 66' lang='grc'>,</span> 
     </span>
     <span class='ocr_line' id='line_1_4' title="bbox 326 665 1327 756; baseline -0.006 -17"><span class='ocrx_word' id='word_1_24' title='bbox 326 670 441 739; x_wconf 82' lang='lat' dir='ltr'>clesiue</span> <span class='ocrx_word' id='word_1_25' title='bbox 462 690 582 754; x_wconf 79' lang='lat' dir='ltr'>servus,</span> <span class='ocrx_word' id='word_1_26' title='bbox 605 668 720 756; x_wconf 89' lang='lat' dir='ltr'>spin&#39;tu</span> <span class='ocrx_word' id='word_1_27' title='bbox 741 666 866 735; x_wconf 89' lang='lat' dir='ltr'>consilii</span> <span class='ocrx_word' id='word_1_28' title='bbox 887 673 921 735; x_wconf 88' lang='lat' dir='ltr'>et</span> <span class='ocrx_word' id='word_1_29' title='bbox 940 666 1135 735; x_wconf 86' lang='lat' dir='ltr'>fortitudinis</span> <span class='ocrx_word' id='word_1_30' title='bbox 1156 665 1327 734; x_wconf 84' lang='lat' dir='ltr'>abundare.</span> 
     </span>
    </p>

    <p class='ocr_par' dir='ltr' id='par_1_3' title="bbox 324 783 1558 1925">
     <span class='ocr_line' id='line_1_5' title="bbox 414 783 1486 868; baseline -0.001 -14"><span class='ocrx_word' id='word_1_31' title='bbox 414 786 503 866; x_wconf 80' lang='lat' dir='ltr'>Quod</span> <span class='ocrx_word' id='word_1_32' title='bbox 527 786 618 853; x_wconf 89' lang='lat' dir='ltr'>iuxta</span> <span class='ocrx_word' id='word_1_33' title='bbox 639 786 835 853; x_wconf 83' lang='lat' dir='ltr'>vocationem</span> <span class='ocrx_word' id='word_1_34' title='bbox 856 788 997 851; x_wconf 70' lang='lat' dir='ltr'>uestem</span> <span class='ocrx_word' id='word_1_35' title='bbox 1018 784 1059 851; x_wconf 88' lang='lat' dir='ltr'>ed</span> <span class='ocrx_word' id='word_1_36' title='bbox 1080 783 1246 868; x_wconf 77' lang='lat' dir='ltr'>collegium</span> <span class='ocrx_word' id='word_1_37' title='bbox 1266 788 1409 852; x_wconf 81' lang='lat' dir='ltr'>vestrum</span> <span class='ocrx_word' id='word_1_38' title='bbox 1426 802 1486 853; x_wconf 84' lang='lat' dir='ltr'>uon</span> 
     </span>
     <span class='ocr_line' id='line_1_6' title="bbox 324 900 1487 989; baseline -0.006 -15"><span class='ocrx_word' id='word_1_39' title='bbox 324 905 485 989; x_wconf 78' lang='lat' dir='ltr'>uenimus,</span> <span class='ocrx_word' id='word_1_40' title='bbox 508 903 614 989; x_wconf 73' lang='lat' dir='ltr'>gravis</span> <span class='ocrx_word' id='word_1_41' title='bbox 636 921 694 968; x_wconf 91' lang='lat' dir='ltr'>nos</span> <span class='ocrx_word' id='word_1_42' title='bbox 717 901 879 989; x_wconf 89' lang='lat' dir='ltr'>occupatio</span> <span class='ocrx_word' id='word_1_43' title='bbox 901 900 1051 985; x_wconf 76' lang='lat' dir='ltr'><strong>detinuit,</strong></span> <span class='ocrx_word' id='word_1_44' title='bbox 1073 900 1220 968; x_wconf 86' lang='lat' dir='ltr'>videlicet</span> <span class='ocrx_word' id='word_1_45' title='bbox 1240 906 1373 989; x_wconf 87' lang='lat' dir='ltr'>propter</span> <span class='ocrx_word' id='word_1_46' title='bbox 1394 900 1487 967; x_wconf 86' lang='lat' dir='ltr'>retor-</span> 
     </span>
     <span class='ocr_line' id='line_1_7' title="bbox 324 1017 1490 1108; baseline -0.004 -18"><span class='ocrx_word' id='word_1_47' title='bbox 324 1021 474 1091; x_wconf 81' lang='lat' dir='ltr'>mendam</span> <span class='ocrx_word' id='word_1_48' title='bbox 495 1038 606 1108; x_wconf 91' lang='lat' dir='ltr'>pacem</span> <span class='ocrx_word' id='word_1_49' title='bbox 627 1018 711 1085; x_wconf 89' lang='lat' dir='ltr'>inter</span> <span class='ocrx_word' id='word_1_50' title='bbox 731 1018 876 1085; x_wconf 90' lang='lat' dir='ltr'>homines</span> <span class='ocrx_word' id='word_1_51' title='bbox 897 1022 1002 1085; x_wconf 89' lang='lat' dir='ltr'>terrae</span> <span class='ocrx_word' id='word_1_52' title='bbox 1022 1022 1160 1103; x_wconf 87' lang='lat' dir='ltr'>nostrae,</span> <span class='ocrx_word' id='word_1_53' title='bbox 1183 1038 1317 1104; x_wconf 89' lang='lat' dir='ltr'>quorum</span> <span class='ocrx_word' id='word_1_54' title='bbox 1337 1017 1490 1085; x_wconf 84' lang='lat' dir='ltr'>discordia</span> 
     </span>
     <span class='ocr_line' id='line_1_8' title="bbox 324 1134 1490 1226; baseline -0.006 -19"><span class='ocrx_word' id='word_1_55' title='bbox 324 1136 552 1226; x_wconf 73' lang='lat' dir='ltr'>multiplicibus</span> <span class='ocrx_word' id='word_1_56' title='bbox 586 1140 618 1202; x_wconf 93' lang='lat' dir='ltr'>et</span> <span class='ocrx_word' id='word_1_57' title='bbox 650 1134 800 1201; x_wconf 78' lang='lat' dir='ltr'>maximis</span> <span class='ocrx_word' id='word_1_58' title='bbox 832 1134 1029 1202; x_wconf 83' lang='lat' dir='ltr'>detrimentis</span> <span class='ocrx_word' id='word_1_59' title='bbox 1057 1134 1240 1202; x_wconf 66' lang='lat' dir='ltr'>aeccledam</span> <span class='ocrx_word' id='word_1_60' title='bbox 1265 1138 1425 1220; x_wconf 89' lang='lat' dir='ltr'>nostram,</span> <span class='ocrx_word' id='word_1_61' title='bbox 1455 1140 1490 1201; x_wconf 89' lang='lat' dir='ltr'>ut</span> 
     </span>
     <span class='ocr_line' id='line_1_9' title="bbox 325 1244 1558 1340; baseline -0.005 -17"><span class='ocrx_word' id='word_1_62' title='bbox 325 1255 415 1323; x_wconf 84' lang='lat' dir='ltr'>vobis</span> <span class='ocrx_word' id='word_1_63' title='bbox 436 1254 516 1321; x_wconf 90' lang='lat' dir='ltr'>bene</span> <span class='ocrx_word' id='word_1_64' title='bbox 537 1244 648 1318; x_wconf 80' lang='lat' dir='ltr'>notu&#39;m</span> <span class='ocrx_word' id='word_1_65' title='bbox 671 1254 734 1335; x_wconf 91' lang='lat' dir='ltr'>est,</span> <span class='ocrx_word' id='word_1_66' title='bbox 759 1251 826 1317; x_wconf 87' lang='lat' dir='ltr'>iam</span> <span class='ocrx_word' id='word_1_67' title='bbox 848 1250 903 1317; x_wconf 91' lang='lat' dir='ltr'>diu</span> <span class='ocrx_word' id='word_1_68' title='bbox 924 1252 1153 1338; x_wconf 67' lang='lat' dir='ltr'>conquassavit</span> <span class='ocrx_word' id='word_1_69' title='bbox 1187 1249 1414 1318; x_wconf 68' lang='lat' dir='ltr'>Verumtamen</span> <span class='ocrx_word' id='word_1_70' title='bbox 1435 1251 1491 1317; x_wconf 88' lang='lat' dir='ltr'>etsi</span> <span class='ocrx_word' id='word_1_71' title='bbox 1557 1319 1558 1340; x_wconf 29' lang='lat'>2</span> 
     </span>
     <span class='ocr_line' id='line_1_10' title="bbox 326 1367 1558 1467; baseline -0.003 -28"><span class='ocrx_word' id='word_1_72' title='bbox 326 1390 457 1459; x_wconf 88' lang='lat' dir='ltr'>corpore</span> <span class='ocrx_word' id='word_1_73' title='bbox 487 1368 648 1452; x_wconf 77' lang='lat' dir='ltr'>absentes,</span> <span class='ocrx_word' id='word_1_74' title='bbox 677 1368 821 1435; x_wconf 87' lang='lat' dir='ltr'>venimus</span> <span class='ocrx_word' id='word_1_75' title='bbox 842 1373 950 1435; x_wconf 86' lang='lat' dir='ltr'>tamen</span> <span class='ocrx_word' id='word_1_76' title='bbox 971 1368 1101 1456; x_wconf 90' lang='lat' dir='ltr'>spiritu,</span> <span class='ocrx_word' id='word_1_77' title='bbox 1131 1367 1276 1467; x_wconf 76' lang='lat' dir='ltr'>venimus</span> <span class='ocrx_word' id='word_1_78' title='bbox 1294 1374 1405 1435; x_wconf 85' lang='lat' dir='ltr'>mente</span> <span class='ocrx_word' id='word_1_79' title='bbox 1425 1373 1492 1435; x_wconf 87' lang='lat' dir='ltr'>tan·</span> <span class='ocrx_word' id='word_1_80' title='bbox 1557 1373 1558 1426; x_wconf 64' lang='grc' dir='ltr'>ἰ</span> 
     </span>
     <span class='ocr_line' id='line_1_11' title="bbox 327 1482 1558 1575; baseline -0.002 -21"><span class='ocrx_word' id='word_1_81' title='bbox 327 1507 422 1575; x_wconf 89' lang='lat' dir='ltr'>quam</span> <span class='ocrx_word' id='word_1_82' title='bbox 450 1486 555 1553; x_wconf 89' lang='lat' dir='ltr'>devoti</span> <span class='ocrx_word' id='word_1_83' title='bbox 584 1488 632 1551; x_wconf 85' lang='lat' dir='ltr'>et·</span> <span class='ocrx_word' id='word_1_84' title='bbox 655 1483 835 1553; x_wconf 72' lang='lat' dir='ltr'>obedientes</span> <span class='ocrx_word' id='word_1_85' title='bbox 862 1482 921 1551; x_wconf 87' lang='lat' dir='ltr'>filii</span> <span class='ocrx_word' id='word_1_86' title='bbox 947 1486 1059 1551; x_wconf 86' lang='lat' dir='ltr'>matris</span> <span class='ocrx_word' id='word_1_87' title='bbox 1085 1488 1212 1552; x_wconf 90' lang='lat' dir='ltr'>nostrae</span> <span class='ocrx_word' id='word_1_88' title='bbox 1233 1482 1419 1551; x_wconf 91' lang='lat' dir='ltr'>Leodiensis</span> <span class='ocrx_word' id='word_1_89' title='bbox 1446 1504 1492 1551; x_wconf 91' lang='lat' dir='ltr'>ec-</span> <span class='ocrx_word' id='word_1_90' title='bbox 1557 1483 1558 1490; x_wconf 75' lang='grc'>’</span> 
     </span>
     <span class='ocr_line' id='line_1_12' title="bbox 327 1600 1493 1689; baseline -0.003 -18"><span class='ocrx_word' id='word_1_91' title='bbox 327 1604 450 1687; x_wconf 87' lang='lat' dir='ltr'>clesice,</span> <span class='ocrx_word' id='word_1_92' title='bbox 473 1600 535 1668; x_wconf 88' lang='lat' dir='ltr'>Dei</span> <span class='ocrx_word' id='word_1_93' title='bbox 556 1600 817 1688; x_wconf 77' lang='lat' dir='ltr'>omnipotentiam</span> <span class='ocrx_word' id='word_1_94' title='bbox 839 1608 1015 1688; x_wconf 82' lang='lat' dir='ltr'>exerentes,</span> <span class='ocrx_word' id='word_1_95' title='bbox 1036 1605 1074 1668; x_wconf 90' lang='lat' dir='ltr'>ut</span> <span class='ocrx_word' id='word_1_96' title='bbox 1089 1601 1159 1689; x_wconf 91' lang='lat' dir='ltr'>ipse</span> <span class='ocrx_word' id='word_1_97' title='bbox 1173 1606 1314 1668; x_wconf 86' lang='lat' dir='ltr'>conterat</span> <span class='ocrx_word' id='word_1_98' title='bbox 1327 1600 1493 1668; x_wconf 86' lang='lat' dir='ltr'>sathanam</span> 
     </span>
     <span class='ocr_line' id='line_1_13' title="bbox 327 1716 1493 1806; baseline -0.002 -19"><span class='ocrx_word' id='word_1_99' title='bbox 327 1720 385 1787; x_wconf 92' lang='lat' dir='ltr'>sub</span> <span class='ocrx_word' id='word_1_100' title='bbox 406 1718 539 1805; x_wconf 93' lang='lat' dir='ltr'>pedibus</span> <span class='ocrx_word' id='word_1_101' title='bbox 561 1717 675 1784; x_wconf 85' lang='lat' dir='ltr'>vestris</span> <span class='ocrx_word' id='word_1_102' title='bbox 699 1723 730 1785; x_wconf 92' lang='lat' dir='ltr'>et</span> <span class='ocrx_word' id='word_1_103' title='bbox 751 1717 864 1786; x_wconf 87' lang='lat' dir='ltr'>liberet</span> <span class='ocrx_word' id='word_1_104' title='bbox 884 1738 941 1785; x_wconf 83' lang='lat' dir='ltr'>uos</span> <span class='ocrx_word' id='word_1_105' title='bbox 963 1719 1003 1786; x_wconf 84' lang='lat' dir='ltr'>eb</span> <span class='ocrx_word' id='word_1_106' title='bbox 1024 1719 1203 1806; x_wconf 85' lang='lat' dir='ltr'>inportunis</span> <span class='ocrx_word' id='word_1_107' title='bbox 1226 1723 1259 1784; x_wconf 91' lang='lat' dir='ltr'>et</span> <span class='ocrx_word' id='word_1_108' title='bbox 1278 1716 1374 1784; x_wconf 91' lang='lat' dir='ltr'>malis</span> <span class='ocrx_word' id='word_1_109' title='bbox 1395 1718 1493 1785; x_wconf 88' lang='lat' dir='ltr'>homi·</span> 
     </span>
     <span class='ocr_line' id='line_1_14' title="bbox 326 1832 1493 1925; baseline -0.002 -21"><span class='ocrx_word' id='word_1_110' title='bbox 326 1836 436 1921; x_wconf 90' lang='lat' dir='ltr'>nibus,</span> <span class='ocrx_word' id='word_1_111' title='bbox 466 1834 521 1920; x_wconf 88' lang='lat' dir='ltr'>qui</span> <span class='ocrx_word' id='word_1_112' title='bbox 543 1832 709 1922; x_wconf 86' lang='lat' dir='ltr'>superfluis</span> <span class='ocrx_word' id='word_1_113' title='bbox 732 1839 764 1902; x_wconf 93' lang='lat' dir='ltr'>et</span> <span class='ocrx_word' id='word_1_114' title='bbox 786 1834 876 1902; x_wconf 77' lang='lat' dir='ltr'>venis</span> <span class='ocrx_word' id='word_1_115' title='bbox 898 1834 1090 1925; x_wconf 78' lang='lat' dir='ltr'>nouitatibus</span> <span class='ocrx_word' id='word_1_116' title='bbox 1112 1836 1283 1923; x_wconf 80' lang='lat' dir='ltr'>primatum</span> <span class='ocrx_word' id='word_1_117' title='bbox 1305 1838 1338 1902; x_wconf 90' lang='lat' dir='ltr'>et</span> <span class='ocrx_word' id='word_1_118' title='bbox 1359 1834 1493 1919; x_wconf 83' lang='lat' dir='ltr'>gloriam</span> 
     </span>
    </p>

    <p class='ocr_par' dir='ltr' id='par_1_4' title="bbox 185 1950 1497 4265">
     <span class='ocr_line' id='line_1_15' title="bbox 185 1950 1495 2037; baseline 0 -18"><span class='ocrx_word' id='word_1_119' title='bbox 185 1950 188 1959; x_wconf 83' lang='lat'><em>&#39;</em></span> <span class='ocrx_word' id='word_1_120' title='bbox 328 1972 403 2019; x_wconf 87' lang='lat' dir='ltr'>suae</span> <span class='ocrx_word' id='word_1_121' title='bbox 424 1952 535 2017; x_wconf 83' lang='lat' dir='ltr'>matris</span> <span class='ocrx_word' id='word_1_122' title='bbox 559 1951 701 2019; x_wconf 85' lang='lat' dir='ltr'>scindere</span> <span class='ocrx_word' id='word_1_123' title='bbox 723 1956 755 2019; x_wconf 90' lang='lat' dir='ltr'>et</span> <span class='ocrx_word' id='word_1_124' title='bbox 776 1956 918 2020; x_wconf 79' lang='lat' dir='ltr'>esestere</span> <span class='ocrx_word' id='word_1_125' title='bbox 939 1952 1092 2019; x_wconf 89' lang='lat' dir='ltr'>nituntur.</span> <span class='ocrx_word' id='word_1_126' title='bbox 1126 1950 1213 2018; x_wconf 83' lang='lat' dir='ltr'>Hsec</span> <span class='ocrx_word' id='word_1_127' title='bbox 1229 1957 1303 2019; x_wconf 90' lang='lat' dir='ltr'>sunt</span> <span class='ocrx_word' id='word_1_128' title='bbox 1316 1950 1495 2037; x_wconf 69' lang='lat' dir='ltr'>genimina*</span> 
     </span>
     <span class='ocr_line' id='line_1_16' title="bbox 327 2063 1495 2157; baseline 0.001 -22"><span class='ocrx_word' id='word_1_129' title='bbox 327 2069 508 2156; x_wconf 88' lang='lat' dir='ltr'>viperarum</span> <span class='ocrx_word' id='word_1_130' title='bbox 516 2063 535 2152; x_wconf 91' lang='lat'>¹,</span> <span class='ocrx_word' id='word_1_131' title='bbox 564 2088 643 2154; x_wconf 89' lang='lat' dir='ltr'>quae</span> <span class='ocrx_word' id='word_1_132' title='bbox 670 2073 806 2136; x_wconf 80' lang='lat' dir='ltr'>matrem</span> <span class='ocrx_word' id='word_1_133' title='bbox 827 2068 1031 2153; x_wconf 80' lang='lat' dir='ltr'>extinguunt,</span> <span class='ocrx_word' id='word_1_134' title='bbox 1061 2068 1137 2135; x_wconf 92' lang='lat' dir='ltr'>dum</span> <span class='ocrx_word' id='word_1_135' title='bbox 1162 2088 1216 2136; x_wconf 88' lang='lat' dir='ltr'>ess</span> <span class='ocrx_word' id='word_1_136' title='bbox 1238 2068 1279 2135; x_wconf 88' lang='lat' dir='ltr'>ad</span> <span class='ocrx_word' id='word_1_137' title='bbox 1299 2069 1404 2136; x_wconf 79' lang='lat' dir='ltr'>vitem</span> <span class='ocrx_word' id='word_1_138' title='bbox 1424 2089 1495 2157; x_wconf 90' lang='lat' dir='ltr'>pro·</span> 
     </span>
     <span class='ocr_line' id='line_1_17' title="bbox 327 2183 1495 2273; baseline 0.003 -22"><span class='ocrx_word' id='word_1_139' title='bbox 327 2184 424 2268; x_wconf 80' lang='lat' dir='ltr'>ducit,</span> <span class='ocrx_word' id='word_1_140' title='bbox 448 2204 527 2270; x_wconf 89' lang='lat' dir='ltr'>quae</span> <span class='ocrx_word' id='word_1_141' title='bbox 549 2183 685 2251; x_wconf 89' lang='lat' dir='ltr'>reddunt</span> <span class='ocrx_word' id='word_1_142' title='bbox 706 2183 826 2251; x_wconf 88' lang='lat' dir='ltr'>malum</span> <span class='ocrx_word' id='word_1_143' title='bbox 847 2204 907 2272; x_wconf 88' lang='lat' dir='ltr'>pro</span> <span class='ocrx_word' id='word_1_144' title='bbox 926 2185 1023 2268; x_wconf 91' lang='lat' dir='ltr'>bono;</span> <span class='ocrx_word' id='word_1_145' title='bbox 1044 2184 1191 2272; x_wconf 85' lang='lat' dir='ltr'>populus,</span> <span class='ocrx_word' id='word_1_146' title='bbox 1212 2186 1352 2271; x_wconf 88' lang='lat' dir='ltr'>inquam,</span> <span class='ocrx_word' id='word_1_147' title='bbox 1377 2189 1436 2273; x_wconf 88' lang='lat' dir='ltr'>qui</span> <span class='ocrx_word' id='word_1_148' title='bbox 1448 2189 1495 2255; x_wconf 92' lang='lat' dir='ltr'>in-</span> 
     </span>
     <span class='ocr_line' id='line_1_18' title="bbox 328 2300 1497 2388; baseline 0.004 -21"><span class='ocrx_word' id='word_1_149' title='bbox 328 2305 485 2368; x_wconf 74' lang='grc' dir='ltr'>οιιιοοοιιιο</span> <span class='ocrx_word' id='word_1_150' title='bbox 510 2300 721 2368; x_wconf 78' lang='lat' dir='ltr'>recalcitravit</span> <span class='ocrx_word' id='word_1_151' title='bbox 742 2306 774 2369; x_wconf 92' lang='lat' dir='ltr'>et</span> <span class='ocrx_word' id='word_1_152' title='bbox 794 2320 853 2388; x_wconf 86' lang='lat' dir='ltr'>per</span> <span class='ocrx_word' id='word_1_153' title='bbox 873 2301 1007 2369; x_wconf 72' lang='lat' dir='ltr'>nimiam</span> <span class='ocrx_word' id='word_1_154' title='bbox 1026 2302 1285 2386; x_wconf 78' lang='lat' dir='ltr'>iugratitudinem</span> <span class='ocrx_word' id='word_1_155' title='bbox 1306 2302 1429 2371; x_wconf 84' lang='lat' dir='ltr'>oblitus</span> <span class='ocrx_word' id='word_1_156' title='bbox 1450 2310 1497 2373; x_wconf 88' lang='lat' dir='ltr'>est</span> 
     </span>
     <span class='ocr_line' id='line_1_19' title="bbox 328 2416 1497 2506; baseline 0.004 -21"><span class='ocrx_word' id='word_1_157' title='bbox 328 2417 534 2485; x_wconf 79' lang='lat' dir='ltr'>benefactoris</span> <span class='ocrx_word' id='word_1_158' title='bbox 557 2418 615 2485; x_wconf 90' lang='lat' dir='ltr'>sui.</span> <span class='ocrx_word' id='word_1_159' title='bbox 653 2416 816 2503; x_wconf 84' lang='lat' dir='ltr'>Siquidem</span> <span class='ocrx_word' id='word_1_160' title='bbox 838 2418 1026 2487; x_wconf 88' lang='lat' dir='ltr'>cathedralis</span> <span class='ocrx_word' id='word_1_161' title='bbox 1048 2417 1213 2504; x_wconf 73' lang='lat' dir='ltr'>aecclesia,</span> <span class='ocrx_word' id='word_1_162' title='bbox 1242 2419 1362 2506; x_wconf 89' lang='lat' dir='ltr'>inqua</span> <span class='ocrx_word' id='word_1_163' title='bbox 1384 2442 1445 2489; x_wconf 77' lang='lat' dir='ltr'>sos</span> <span class='ocrx_word' id='word_1_164' title='bbox 1466 2427 1497 2489; x_wconf 89' lang='lat' dir='ltr'>et</span> 
     </span>
     <span class='ocr_line' id='line_1_20' title="bbox 327 2535 1497 2623; baseline 0.004 -22"><span class='ocrx_word' id='word_1_165' title='bbox 327 2536 448 2622; x_wconf 88' lang='lat' dir='ltr'>priores</span> <span class='ocrx_word' id='word_1_166' title='bbox 478 2539 512 2602; x_wconf 92' lang='lat' dir='ltr'>et·</span> <span class='ocrx_word' id='word_1_167' title='bbox 535 2535 677 2603; x_wconf 75' lang='lat' dir='ltr'>canonici</span> <span class='ocrx_word' id='word_1_168' title='bbox 700 2536 792 2621; x_wconf 89' lang='lat' dir='ltr'>estis,</span> <span class='ocrx_word' id='word_1_169' title='bbox 820 2540 940 2603; x_wconf 77' lang='lat' dir='ltr'>ceterts</span> <span class='ocrx_word' id='word_1_170' title='bbox 962 2536 997 2602; x_wconf 90' lang='lat' dir='ltr'>in</span> <span class='ocrx_word' id='word_1_171' title='bbox 1018 2535 1097 2604; x_wconf 89' lang='lat' dir='ltr'>urbe</span> <span class='ocrx_word' id='word_1_172' title='bbox 1117 2536 1332 2623; x_wconf 86' lang='lat' dir='ltr'>preposituras</span> <span class='ocrx_word' id='word_1_173' title='bbox 1354 2538 1400 2605; x_wconf 89' lang='lat' dir='ltr'>ad</span> <span class='ocrx_word' id='word_1_174' title='bbox 1422 2558 1497 2606; x_wconf 90' lang='lat' dir='ltr'>suae</span> 
     </span>
     <span class='ocr_line' id='line_1_21' title="bbox 328 2650 1496 2740; baseline 0.003 -21"><span class='ocrx_word' id='word_1_175' title='bbox 328 2651 490 2737; x_wconf 76' lang='lat' dir='ltr'>dignitatis</span> <span class='ocrx_word' id='word_1_176' title='bbox 514 2656 731 2737; x_wconf 80' lang='lat' dir='ltr'>augmentum,</span> <span class='ocrx_word' id='word_1_177' title='bbox 755 2653 799 2729; x_wconf 65' lang='lat' dir='ltr'>‚ed</span> <span class='ocrx_word' id='word_1_178' title='bbox 822 2672 897 2720; x_wconf 91' lang='lat' dir='ltr'>suae</span> <span class='ocrx_word' id='word_1_179' title='bbox 918 2650 1144 2737; x_wconf 81' lang='lat' dir='ltr'>magnitudinis</span> <span class='ocrx_word' id='word_1_180' title='bbox 1166 2659 1403 2740; x_wconf 87' lang='lat' dir='ltr'>ornamentum,</span> <span class='ocrx_word' id='word_1_181' title='bbox 1427 2661 1496 2723; x_wconf 79' lang='lat' dir='ltr'>tau-</span> 
     </span>
     <span class='ocr_line' id='line_1_22' title="bbox 328 2768 1496 2858; baseline 0.005 -23"><span class='ocrx_word' id='word_1_182' title='bbox 328 2788 423 2856; x_wconf 87' lang='lat' dir='ltr'>quam</span> <span class='ocrx_word' id='word_1_183' title='bbox 445 2768 579 2856; x_wconf 88' lang='lat' dir='ltr'>quedam</span> <span class='ocrx_word' id='word_1_184' title='bbox 600 2768 743 2856; x_wconf 90' lang='lat' dir='ltr'>speciosa</span> <span class='ocrx_word' id='word_1_185' title='bbox 763 2768 942 2854; x_wconf 85' lang='lat' dir='ltr'>luminaris,</span> <span class='ocrx_word' id='word_1_186' title='bbox 966 2768 1107 2836; x_wconf 84' lang='lat' dir='ltr'>extruxit</span> <span class='ocrx_word' id='word_1_187' title='bbox 1120 2774 1153 2837; x_wconf 89' lang='lat' dir='ltr'>et</span> <span class='ocrx_word' id='word_1_188' title='bbox 1166 2768 1380 2858; x_wconf 71' lang='lat' dir='ltr'>amplificavit,</span> <span class='ocrx_word' id='word_1_189' title='bbox 1406 2791 1446 2839; x_wconf 90' lang='lat' dir='ltr'>ac</span> <span class='ocrx_word' id='word_1_190' title='bbox 1458 2772 1496 2841; x_wconf 90' lang='lat' dir='ltr'>de</span> 
     </span>
     <span class='ocr_line' id='line_1_23' title="bbox 326 2885 1496 2977; baseline 0.002 -24"><span class='ocrx_word' id='word_1_191' title='bbox 326 2886 464 2974; x_wconf 86' lang='lat' dir='ltr'>propriis</span> <span class='ocrx_word' id='word_1_192' title='bbox 486 2886 577 2953; x_wconf 90' lang='lat' dir='ltr'>bonis</span> <span class='ocrx_word' id='word_1_193' title='bbox 600 2886 751 2973; x_wconf 90' lang='lat' dir='ltr'>episcopii</span> <span class='ocrx_word' id='word_1_194' title='bbox 772 2887 877 2974; x_wconf 90' lang='lat' dir='ltr'>prima</span> <span class='ocrx_word' id='word_1_195' title='bbox 897 2885 1104 2953; x_wconf 77' lang='lat' dir='ltr'>fundamenta</span> <span class='ocrx_word' id='word_1_196' title='bbox 1116 2886 1193 2953; x_wconf 90' lang='lat' dir='ltr'>iecit</span> <span class='ocrx_word' id='word_1_197' title='bbox 1206 2906 1244 2954; x_wconf 80' lang='grc' dir='ltr'>οο</span> <span class='ocrx_word' id='word_1_198' title='bbox 1257 2888 1409 2975; x_wconf 80' lang='lat' dir='ltr'>deinceps</span> <span class='ocrx_word' id='word_1_199' title='bbox 1423 2910 1496 2977; x_wconf 86' lang='lat' dir='ltr'>pro·</span> 
     </span>
     <span class='ocr_line' id='line_1_24' title="bbox 328 3001 1496 3092; baseline 0.002 -21"><span class='ocrx_word' id='word_1_200' title='bbox 328 3002 468 3071; x_wconf 85' lang='lat' dir='ltr'>vehendo</span> <span class='ocrx_word' id='word_1_201' title='bbox 490 3002 642 3070; x_wconf 89' lang='lat' dir='ltr'>canonica</span> <span class='ocrx_word' id='word_1_202' title='bbox 663 3002 822 3091; x_wconf 89' lang='lat' dir='ltr'>stipendia</span> <span class='ocrx_word' id='word_1_203' title='bbox 842 3006 875 3070; x_wconf 91' lang='lat' dir='ltr'>et</span> <span class='ocrx_word' id='word_1_204' title='bbox 895 3001 1016 3069; x_wconf 87' lang='lat' dir='ltr'>cultum</span> <span class='ocrx_word' id='word_1_205' title='bbox 1038 3002 1303 3072; x_wconf 84' lang='lat' dir='ltr'>aecclesiasticum</span> <span class='ocrx_word' id='word_1_206' title='bbox 1323 3005 1496 3092; x_wconf 69' lang='lat' dir='ltr'>ordinavit,</span> 
     </span>
     <span class='ocr_line' id='line_1_25' title="bbox 327 3117 1497 3190; baseline 0.003 -4"><span class='ocrx_word' id='word_1_207' title='bbox 327 3124 365 3186; x_wconf 92' lang='lat' dir='ltr'>ut</span> <span class='ocrx_word' id='word_1_208' title='bbox 391 3117 538 3187; x_wconf 78' lang='lat' dir='ltr'>videlicet</span> <span class='ocrx_word' id='word_1_209' title='bbox 565 3118 666 3187; x_wconf 88' lang='lat' dir='ltr'>clerus</span> <span class='ocrx_word' id='word_1_210' title='bbox 688 3118 756 3187; x_wconf 92' lang='lat' dir='ltr'>Deo</span> <span class='ocrx_word' id='word_1_211' title='bbox 786 3118 927 3187; x_wconf 81' lang='lat' dir='ltr'>servieus</span> <span class='ocrx_word' id='word_1_212' title='bbox 954 3124 987 3186; x_wconf 91' lang='lat' dir='ltr'>et</span> <span class='ocrx_word' id='word_1_213' title='bbox 1012 3120 1126 3187; x_wconf 85' lang='lat' dir='ltr'>merito</span> <span class='ocrx_word' id='word_1_214' title='bbox 1152 3124 1186 3188; x_wconf 91' lang='lat' dir='ltr'>et</span> <span class='ocrx_word' id='word_1_215' title='bbox 1210 3140 1339 3189; x_wconf 90' lang='lat' dir='ltr'>numero</span> <span class='ocrx_word' id='word_1_216' title='bbox 1366 3123 1406 3189; x_wconf 89' lang='lat' dir='ltr'>in</span> <span class='ocrx_word' id='word_1_217' title='bbox 1432 3124 1497 3190; x_wconf 90' lang='lat' dir='ltr'>suis</span> 
     </span>
     <span class='ocr_line' id='line_1_26' title="bbox 329 3234 1497 3325; baseline 0.003 -21"><span class='ocrx_word' id='word_1_218' title='bbox 329 3234 533 3304; x_wconf 77' lang='lat' dir='ltr'>consentibus</span> <span class='ocrx_word' id='word_1_219' title='bbox 556 3240 730 3321; x_wconf 78' lang='lat' dir='ltr'>augeretur.</span> <span class='ocrx_word' id='word_1_220' title='bbox 765 3236 871 3322; x_wconf 80' lang='lat' dir='ltr'>Atque</span> <span class='ocrx_word' id='word_1_221' title='bbox 891 3236 976 3303; x_wconf 89' lang='lat' dir='ltr'>idem</span> <span class='ocrx_word' id='word_1_222' title='bbox 994 3235 1083 3304; x_wconf 88' lang='lat' dir='ltr'>fuere</span> <span class='ocrx_word' id='word_1_223' title='bbox 1097 3242 1234 3305; x_wconf 88' lang='lat' dir='ltr'>rectores</span> <span class='ocrx_word' id='word_1_224' title='bbox 1248 3240 1303 3325; x_wconf 88' lang='lat' dir='ltr'>qui</span> <span class='ocrx_word' id='word_1_225' title='bbox 1316 3238 1497 3307; x_wconf 90' lang='lat' dir='ltr'>conditores</span> 
     </span>
     <span class='ocr_line' id='line_1_27' title="bbox 329 3352 1495 3442; baseline 0.002 -21"><span class='ocrx_word' id='word_1_226' title='bbox 329 3374 427 3440; x_wconf 89' lang='lat' dir='ltr'>usque</span> <span class='ocrx_word' id='word_1_227' title='bbox 451 3353 491 3421; x_wconf 89' lang='lat' dir='ltr'>ad</span> <span class='ocrx_word' id='word_1_228' title='bbox 512 3358 622 3420; x_wconf 86' lang='lat' dir='ltr'>nostra</span> <span class='ocrx_word' id='word_1_229' title='bbox 642 3352 781 3421; x_wconf 81' lang='lat' dir='ltr'>infelicia</span> <span class='ocrx_word' id='word_1_230' title='bbox 801 3359 954 3440; x_wconf 84' lang='lat' dir='ltr'>temporo,</span> <span class='ocrx_word' id='word_1_231' title='bbox 976 3353 1012 3420; x_wconf 90' lang='lat' dir='ltr'>in</span> <span class='ocrx_word' id='word_1_232' title='bbox 1026 3352 1139 3439; x_wconf 89' lang='lat' dir='ltr'>quibus</span> <span class='ocrx_word' id='word_1_233' title='bbox 1151 3355 1218 3423; x_wconf 90' lang='lat' dir='ltr'>iam</span> <span class='ocrx_word' id='word_1_234' title='bbox 1231 3356 1320 3423; x_wconf 83' lang='lat' dir='ltr'>venit</span> <span class='ocrx_word' id='word_1_235' title='bbox 1331 3355 1495 3442; x_wconf 90' lang='lat' dir='ltr'>discessio,</span> 
     </span>
     <span class='ocr_line' id='line_1_28' title="bbox 329 3468 1495 3561; baseline 0.003 -24"><span class='ocrx_word' id='word_1_236' title='bbox 329 3475 365 3537; x_wconf 91' lang='lat' dir='ltr'>ut</span> <span class='ocrx_word' id='word_1_237' title='bbox 386 3469 544 3539; x_wconf 85' lang='lat' dir='ltr'>reveletur</span> <span class='ocrx_word' id='word_1_238' title='bbox 564 3470 619 3538; x_wconf 90' lang='lat' dir='ltr'>ille</span> <span class='ocrx_word' id='word_1_239' title='bbox 640 3468 724 3539; x_wconf 84' lang='lat' dir='ltr'>lilius</span> <span class='ocrx_word' id='word_1_240' title='bbox 746 3469 948 3557; x_wconf 80' lang='lat' dir='ltr'>perditionis,</span> <span class='ocrx_word' id='word_1_241' title='bbox 970 3470 1025 3557; x_wconf 88' lang='lat' dir='ltr'>qui</span> <span class='ocrx_word' id='word_1_242' title='bbox 1046 3470 1208 3539; x_wconf 84' lang='lat' dir='ltr'>extollitur</span> <span class='ocrx_word' id='word_1_243' title='bbox 1229 3492 1323 3561; x_wconf 86' lang='lat' dir='ltr'>super</span> <span class='ocrx_word' id='word_1_244' title='bbox 1343 3474 1495 3559; x_wconf 88' lang='lat' dir='ltr'>omneid,</span> 
     </span>
     <span class='ocr_line' id='line_1_29' title="bbox 330 3585 1495 3677; baseline 0.001 -21"><span class='ocrx_word' id='word_1_245' title='bbox 330 3588 413 3675; x_wconf 89' lang='lat' dir='ltr'>quod</span> <span class='ocrx_word' id='word_1_246' title='bbox 434 3586 550 3655; x_wconf 92' lang='lat' dir='ltr'>dicitur</span> <span class='ocrx_word' id='word_1_247' title='bbox 563 3586 649 3655; x_wconf 90' lang='lat' dir='ltr'>Deus</span> <span class='ocrx_word' id='word_1_248' title='bbox 665 3592 720 3654; x_wconf 86' lang='lat' dir='ltr'>aut</span> <span class='ocrx_word' id='word_1_249' title='bbox 734 3586 818 3674; x_wconf 91' lang='lat' dir='ltr'>quod</span> <span class='ocrx_word' id='word_1_250' title='bbox 832 3585 954 3655; x_wconf 87' lang='lat' dir='ltr'>colitur.</span> <span class='ocrx_word' id='word_1_251' title='bbox 986 3586 1141 3657; x_wconf 86' lang='lat' dir='ltr'>Discessit</span> <span class='ocrx_word' id='word_1_252' title='bbox 1153 3590 1270 3677; x_wconf 90' lang='lat' dir='ltr'>quippe</span> <span class='ocrx_word' id='word_1_253' title='bbox 1283 3590 1385 3657; x_wconf 92' lang='lat' dir='ltr'>omnis</span> <span class='ocrx_word' id='word_1_254' title='bbox 1400 3592 1495 3659; x_wconf 90' lang='lat' dir='ltr'>homo</span> 
     </span>
     <span class='ocr_line' id='line_1_30' title="bbox 330 3704 1494 3794; baseline 0.003 -21"><span class='ocrx_word' id='word_1_255' title='bbox 330 3705 532 3789; x_wconf 74' lang='lat' dir='ltr'>abhomine,</span> <span class='ocrx_word' id='word_1_256' title='bbox 557 3704 606 3772; x_wconf 84' lang='lat' dir='ltr'>ite</span> <span class='ocrx_word' id='word_1_257' title='bbox 626 3709 663 3772; x_wconf 92' lang='lat' dir='ltr'>ut</span> <span class='ocrx_word' id='word_1_258' title='bbox 683 3704 738 3772; x_wconf 83' lang='lat' dir='ltr'>vix</span> <span class='ocrx_word' id='word_1_259' title='bbox 762 3704 823 3772; x_wconf 90' lang='lat' dir='ltr'>duo</span> <span class='ocrx_word' id='word_1_260' title='bbox 845 3706 1043 3774; x_wconf 88' lang='lat' dir='ltr'>consentiant</span> <span class='ocrx_word' id='word_1_261' title='bbox 1064 3705 1103 3773; x_wconf 90' lang='lat' dir='ltr'>de</span> <span class='ocrx_word' id='word_1_262' title='bbox 1125 3706 1211 3773; x_wconf 88' lang='lat' dir='ltr'>omni</span> <span class='ocrx_word' id='word_1_263' title='bbox 1232 3728 1283 3792; x_wconf 90' lang='lat' dir='ltr'>re,</span> <span class='ocrx_word' id='word_1_264' title='bbox 1306 3711 1402 3794; x_wconf 81' lang='lat' dir='ltr'>atque</span> <span class='ocrx_word' id='word_1_265' title='bbox 1423 3709 1494 3777; x_wconf 90' lang='lat' dir='ltr'>ideo</span> 
     </span>
     <span class='ocr_line' id='line_1_31' title="bbox 329 3820 1494 3912; baseline 0.002 -21"><span class='ocrx_word' id='word_1_266' title='bbox 329 3822 415 3891; x_wconf 90' lang='lat' dir='ltr'>Deus</span> <span class='ocrx_word' id='word_1_267' title='bbox 437 3825 529 3909; x_wconf 89' lang='lat' dir='ltr'>pater</span> <span class='ocrx_word' id='word_1_268' title='bbox 548 3841 614 3889; x_wconf 92' lang='lat' dir='ltr'>non</span> <span class='ocrx_word' id='word_1_269' title='bbox 637 3820 766 3890; x_wconf 87' lang='lat' dir='ltr'>exaudit</span> <span class='ocrx_word' id='word_1_270' title='bbox 787 3842 845 3889; x_wconf 92' lang='lat' dir='ltr'>nos</span> <span class='ocrx_word' id='word_1_271' title='bbox 868 3826 1003 3890; x_wconf 91' lang='lat' dir='ltr'>orantes.</span> <span class='ocrx_word' id='word_1_272' title='bbox 1041 3822 1210 3910; x_wconf 83' lang='lat' dir='ltr'>Discessit,</span> <span class='ocrx_word' id='word_1_273' title='bbox 1231 3824 1376 3912; x_wconf 72' lang='lat' dir='ltr'>inquam,</span> <span class='ocrx_word' id='word_1_274' title='bbox 1399 3826 1494 3893; x_wconf 91' lang='lat' dir='ltr'>homo</span> 
     </span>
     <span class='ocr_line' id='line_1_32' title="bbox 331 3938 1492 4028; baseline 0.001 -19"><span class='ocrx_word' id='word_1_275' title='bbox 331 3940 370 4009; x_wconf 90' lang='lat' dir='ltr'>ab</span> <span class='ocrx_word' id='word_1_276' title='bbox 392 3938 528 4024; x_wconf 91' lang='lat' dir='ltr'>homine,</span> <span class='ocrx_word' id='word_1_277' title='bbox 553 3940 701 4025; x_wconf 88' lang='lat' dir='ltr'>quoniam</span> <span class='ocrx_word' id='word_1_278' title='bbox 723 3938 868 4007; x_wconf 90' lang='lat' dir='ltr'>discessit</span> <span class='ocrx_word' id='word_1_279' title='bbox 886 3940 1060 4026; x_wconf 79' lang='lat' dir='ltr'>icaritate,</span> <span class='ocrx_word' id='word_1_280' title='bbox 1082 3940 1228 4009; x_wconf 87' lang='lat' dir='ltr'>discessit</span> <span class='ocrx_word' id='word_1_281' title='bbox 1245 3942 1286 4010; x_wconf 91' lang='lat' dir='ltr'>ab</span> <span class='ocrx_word' id='word_1_282' title='bbox 1304 3941 1492 4028; x_wconf 83' lang='lat' dir='ltr'>obedientia,</span> 
     </span>
     <span class='ocr_line' id='line_1_33' title="bbox 330 4056 1493 4145; baseline 0.001 -19"><span class='ocrx_word' id='word_1_283' title='bbox 330 4056 475 4126; x_wconf 89' lang='lat' dir='ltr'>discessit</span> <span class='ocrx_word' id='word_1_284' title='bbox 502 4076 523 4123; x_wconf 92' lang='lat' dir='ltr'>a</span> <span class='ocrx_word' id='word_1_285' title='bbox 548 4058 685 4145; x_wconf 87' lang='lat' dir='ltr'>pudore,</span> <span class='ocrx_word' id='word_1_286' title='bbox 715 4056 860 4125; x_wconf 87' lang='lat' dir='ltr'>discessit</span> <span class='ocrx_word' id='word_1_287' title='bbox 885 4059 1116 4144; x_wconf 80' lang='lat' dir='ltr'>aresetentis,</span> <span class='ocrx_word' id='word_1_288' title='bbox 1147 4065 1179 4127; x_wconf 89' lang='lat' dir='ltr'>et</span> <span class='ocrx_word' id='word_1_289' title='bbox 1200 4064 1274 4127; x_wconf 92' lang='lat' dir='ltr'>sunt</span> <span class='ocrx_word' id='word_1_290' title='bbox 1294 4059 1437 4127; x_wconf 89' lang='lat' dir='ltr'>homines</span> <span class='ocrx_word' id='word_1_291' title='bbox 1458 4080 1493 4127; x_wconf 88' lang='lat' dir='ltr'>ss</span> 
     </span>
     <span class='ocr_line' id='line_1_34' title="bbox 329 4170 1491 4265; baseline 0.002 -23"><span class='ocrx_word' id='word_1_292' title='bbox 329 4175 415 4264; x_wconf 92' lang='lat' dir='ltr'>ipsos</span> <span class='ocrx_word' id='word_1_293' title='bbox 427 4178 578 4261; x_wconf 76' lang='lat' dir='ltr'>amantes,</span> <span class='ocrx_word' id='word_1_294' title='bbox 589 4178 809 4243; x_wconf 73' lang='lat' dir='ltr'>coacervantes</span> <span class='ocrx_word' id='word_1_295' title='bbox 819 4175 987 4261; x_wconf 75' lang='lat' dir='ltr'>magistros</span> <span class='ocrx_word' id='word_1_296' title='bbox 1001 4177 1179 4265; x_wconf 87' lang='lat' dir='ltr'>prurientes</span> <span class='ocrx_word' id='word_1_297' title='bbox 1190 4170 1344 4245; x_wconf 81' lang='lat' dir='ltr'>curibus¹.</span> <span class='ocrx_word' id='word_1_298' title='bbox 1360 4176 1491 4245; x_wconf 84' lang='lat' dir='ltr'>Verum·</span> 
     </span>
    </p>
   </div>
   <div class='ocr_carea' id='block_1_3' title="bbox 400 4326 1023 4498">
    <p class='ocr_par' dir='ltr' id='par_1_5' title="bbox 400 4326 1023 4498">
     <span class='ocr_line' id='line_1_35' title="bbox 401 4326 1023 4387; baseline 0.003 -13"><span class='ocrx_word' id='word_1_299' title='bbox 401 4340 422 4374; x_wconf 78' lang='lat' dir='ltr'>a</span> <span class='ocrx_word' id='word_1_300' title='bbox 443 4328 467 4374; x_wconf 89' lang='lat' dir='ltr'>et</span> <span class='ocrx_word' id='word_1_301' title='bbox 484 4350 508 4359; x_wconf 91' lang='lat'>-</span> <span class='ocrx_word' id='word_1_302' title='bbox 527 4326 637 4375; x_wconf 82' lang='lat' dir='ltr'>eeclesiae</span> <span class='ocrx_word' id='word_1_303' title='bbox 652 4344 721 4375; x_wconf 70' lang='lat' dir='ltr'>vaca</span> <span class='ocrx_word' id='word_1_304' title='bbox 735 4336 795 4375; x_wconf 81' lang='lat' dir='ltr'>sans.</span> <span class='ocrx_word' id='word_1_305' title='bbox 826 4342 832 4351; x_wconf 86' lang='lat'><strong>·</strong></span> <span class='ocrx_word' id='word_1_306' title='bbox 855 4326 878 4375; x_wconf 83' lang='lat' dir='ltr'>t.</span> <span class='ocrx_word' id='word_1_307' title='bbox 899 4328 988 4387; x_wconf 70' lang='lat' dir='ltr'>gemine</span> <span class='ocrx_word' id='word_1_308' title='bbox 1003 4348 1023 4376; x_wconf 78' lang='lat' dir='ltr'>e.</span> 
     </span>
     <span class='ocr_line' id='line_1_36' title="bbox 400 4421 994 4498; baseline 0.007 -19"><span class='ocrx_word' id='word_1_309' title='bbox 400 4424 427 4481; x_wconf 91' lang='lat'>1.</span> <span class='ocrx_word' id='word_1_310' title='bbox 444 4422 650 4495; x_wconf 70' lang='lat' dir='ltr'>natusest.</span> <span class='ocrx_word' id='word_1_311' title='bbox 720 4423 747 4483; x_wconf 81' lang='lat' dir='ltr'>a.</span> <span class='ocrx_word' id='word_1_312' title='bbox 764 4421 994 4498; x_wconf 60' lang='lat' dir='ltr'>summae.</span> 
     </span>
    </p>
   </div>
   <div class='ocr_carea' id='block_1_4' title="bbox 0 0 1570 4859">
    <p class='ocr_par' dir='ltr' id='par_1_6' title="bbox 0 0 1570 4859">
     <span class='ocr_line' id='line_1_37' title="bbox 0 0 1570 4859; baseline 0 0"><span class='ocrx_word' id='word_1_313' title='bbox 0 0 1570 4859; x_wconf 95' lang='lat' dir='ltr'> </span> 
     </span>
    </p>
   </div>
  </div>
 </body>
</html>
