<?xml version="1.0" encoding="UTF-8"?>
<!DOCTYPE html PUBLIC "-//W3C//DTD XHTML 1.0 Transitional//EN"
    "http://www.w3.org/TR/xhtml1/DTD/xhtml1-transitional.dtd">
<html xmlns="http://www.w3.org/1999/xhtml" xml:lang="en" lang="en">
 <head>
  <title>
</title>
<meta http-equiv="Content-Type" content="text/html;charset=utf-8" />
  <meta name='ocr-system' content='tesseract 3.04.00' />
  <meta name='ocr-capabilities' content='ocr_page ocr_carea ocr_par ocr_line ocrx_word'/>
</head>
<body>
  <div class='ocr_page' id='page_1' title='image "./bibliothecareru05jaffgoog_0301.png"; bbox 0 0 3117 4859; ppageno 0'>
   <div class='ocr_carea' id='block_1_1' title="bbox 423 218 1256 285">
    <p class='ocr_par' dir='ltr' id='par_1_1' title="bbox 423 218 1256 285">
     <span class='ocr_line' id='line_1_1' title="bbox 423 218 1256 285; baseline 0.001 -4"><span class='ocrx_word' id='word_1_1' title='bbox 423 232 570 281; x_wconf 78' lang='lat' dir='ltr'><strong>winennr</strong></span> <span class='ocrx_word' id='word_1_2' title='bbox 591 232 778 281; x_wconf 72' lang='lat' dir='ltr'><strong>sennense</strong></span> <span class='ocrx_word' id='word_1_3' title='bbox 798 232 851 279; x_wconf 77' lang='lat' dir='ltr'><strong>rus.</strong></span> <span class='ocrx_word' id='word_1_4' title='bbox 867 232 921 279; x_wconf 79' lang='lat' dir='ltr'><strong>rra</strong></span> <span class='ocrx_word' id='word_1_5' title='bbox 1045 239 1049 245; x_wconf 93' lang='lat'><em>·</em></span> <span class='ocrx_word' id='word_1_6' title='bbox 1191 218 1256 285; x_wconf 74' lang='lat' dir='ltr'><strong>tet</strong></span> 
     </span>
    </p>
   </div>
   <div class='ocr_carea' id='block_1_2' title="bbox 3 354 1346 3511">
    <p class='ocr_par' dir='ltr' id='par_1_2' title="bbox 3 354 1346 3511">
     <span class='ocr_line' id='line_1_2' title="bbox 88 354 1346 463; baseline 0.002 -22"><span class='ocrx_word' id='word_1_7' title='bbox 88 375 173 462; x_wconf 81' lang='lat' dir='ltr'><strong>qnod</strong></span> <span class='ocrx_word' id='word_1_8' title='bbox 187 373 266 442; x_wconf 91' lang='lat' dir='ltr'><strong>lidss</strong></span> <span class='ocrx_word' id='word_1_9' title='bbox 280 354 395 459; x_wconf 79' lang='lat' dir='ltr'><strong>vestra,</strong></span> <span class='ocrx_word' id='word_1_10' title='bbox 419 394 499 461; x_wconf 87' lang='lat' dir='ltr'><strong>qnae</strong></span> <span class='ocrx_word' id='word_1_11' title='bbox 513 394 571 463; x_wconf 84' lang='lat' dir='ltr'><strong>per</strong></span> <span class='ocrx_word' id='word_1_12' title='bbox 586 374 785 442; x_wconf 86' lang='lat' dir='ltr'><strong>dilectionem</strong></span> <span class='ocrx_word' id='word_1_13' title='bbox 800 380 958 462; x_wconf 74' lang='lat' dir='ltr'><strong>operetur,</strong></span> <span class='ocrx_word' id='word_1_14' title='bbox 977 374 1159 444; x_wconf 86' lang='lat' dir='ltr'><strong>firmissime</strong></span> <span class='ocrx_word' id='word_1_15' title='bbox 1172 383 1259 445; x_wconf 84' lang='lat' dir='ltr'><strong>tenet</strong></span> <span class='ocrx_word' id='word_1_16' title='bbox 1277 386 1346 443; x_wconf 76' lang='lat'>1149</span> 
     </span>
     <span class='ocr_line' id='line_1_3' title="bbox 65 490 1258 579; baseline 0.002 -20"><span class='ocrx_word' id='word_1_17' title='bbox 65 497 119 559; x_wconf 84' lang='lat' dir='ltr'><strong>et</strong></span> <span class='ocrx_word' id='word_1_18' title='bbox 147 490 329 559; x_wconf 86' lang='lat' dir='ltr'><strong>nullatenus</strong></span> <span class='ocrx_word' id='word_1_19' title='bbox 357 492 496 577; x_wconf 82' lang='lat' dir='ltr'><strong>dubitat,</strong></span> <span class='ocrx_word' id='word_1_20' title='bbox 525 512 617 559; x_wconf 90' lang='lat' dir='ltr'><strong>omne</strong></span> <span class='ocrx_word' id='word_1_21' title='bbox 646 492 754 559; x_wconf 87' lang='lat' dir='ltr'><strong>datum</strong></span> <span class='ocrx_word' id='word_1_22' title='bbox 783 492 937 579; x_wconf 86' lang='lat' dir='ltr'><strong>optimum</strong></span> <span class='ocrx_word' id='word_1_23' title='bbox 965 497 998 559; x_wconf 90' lang='lat' dir='ltr'><strong>et</strong></span> <span class='ocrx_word' id='word_1_24' title='bbox 1025 512 1116 559; x_wconf 91' lang='lat' dir='ltr'><strong>omne</strong></span> <span class='ocrx_word' id='word_1_25' title='bbox 1141 493 1258 561; x_wconf 88' lang='lat' dir='ltr'><strong>donum</strong></span> 
     </span>
     <span class='ocr_line' id='line_1_4' title="bbox 84 606 1260 696; baseline 0.003 -21"><span class='ocrx_word' id='word_1_26' title='bbox 84 608 265 696; x_wconf 76' lang='lat' dir='ltr'><strong>perfectum</strong></span> <span class='ocrx_word' id='word_1_27' title='bbox 287 609 451 675; x_wconf 84' lang='lat' dir='ltr'><strong>desursum</strong></span> <span class='ocrx_word' id='word_1_28' title='bbox 474 630 542 676; x_wconf 86' lang='lat' dir='ltr'><strong>esse</strong></span> <span class='ocrx_word' id='word_1_29' title='bbox 566 614 598 675; x_wconf 87' lang='lat' dir='ltr'><strong>et</strong></span> <span class='ocrx_word' id='word_1_30' title='bbox 620 609 639 675; x_wconf 80' lang='lat' dir='ltr'><strong>t</strong></span> <span class='ocrx_word' id='word_1_31' title='bbox 660 614 751 696; x_wconf 86' lang='lat' dir='ltr'><strong>patre</strong></span> <span class='ocrx_word' id='word_1_32' title='bbox 773 608 928 675; x_wconf 77' lang='lat' dir='ltr'><strong>hminum</strong></span> <span class='ocrx_word' id='word_1_33' title='bbox 950 606 1164 676; x_wconf 87' lang='lat' dir='ltr'><strong>descendere¹.</strong></span> <span class='ocrx_word' id='word_1_34' title='bbox 1198 608 1260 678; x_wconf 88' lang='lat' dir='ltr'><strong>Le·</strong></span> 
     </span>
     <span class='ocr_line' id='line_1_5' title="bbox 3 704 1322 811; baseline 0.003 -20"><span class='ocrx_word' id='word_1_35' title='bbox 3 750 6 756; x_wconf 94' lang='lat'>·</span> <span class='ocrx_word' id='word_1_36' title='bbox 84 724 187 791; x_wconf 81' lang='lat' dir='ltr'><strong>vastis</strong></span> <span class='ocrx_word' id='word_1_37' title='bbox 218 725 372 811; x_wconf 75' lang='lat' dir='ltr'>siquidem</span> <span class='ocrx_word' id='word_1_38' title='bbox 399 725 504 793; x_wconf 84' lang='lat' dir='ltr'><strong>oeulos</strong></span> <span class='ocrx_word' id='word_1_39' title='bbox 527 730 648 792; x_wconf 85' lang='lat' dir='ltr'><strong>vestros</strong></span> <span class='ocrx_word' id='word_1_40' title='bbox 670 726 703 792; x_wconf 93' lang='lat' dir='ltr'><strong>in</strong></span> <span class='ocrx_word' id='word_1_41' title='bbox 726 729 864 809; x_wconf 85' lang='lat' dir='ltr'><strong>montes,</strong></span> <span class='ocrx_word' id='word_1_42' title='bbox 892 725 977 792; x_wconf 88' lang='lat' dir='ltr'><strong>unde</strong></span> <span class='ocrx_word' id='word_1_43' title='bbox 997 726 1084 793; x_wconf 84' lang='lat' dir='ltr'><strong>venit</strong></span> <span class='ocrx_word' id='word_1_44' title='bbox 1106 726 1260 795; x_wconf 83' lang='lat' dir='ltr'><strong>auxilium</strong></span> <span class='ocrx_word' id='word_1_45' title='bbox 1317 704 1322 718; x_wconf 64' lang='grc'><em>’</em></span> 
     </span>
     <span class='ocr_line' id='line_1_6' title="bbox 84 836 1259 929; baseline 0.001 -20"><span class='ocrx_word' id='word_1_46' title='bbox 84 836 208 926; x_wconf 83' lang='lat' dir='ltr'><strong>robis¹‚</strong></span> <span class='ocrx_word' id='word_1_47' title='bbox 237 842 361 928; x_wconf 88' lang='lat' dir='ltr'><strong>qnando</strong></span> <span class='ocrx_word' id='word_1_48' title='bbox 388 842 535 927; x_wconf 80' lang='lat' dir='ltr'><strong>religiose</strong></span> <span class='ocrx_word' id='word_1_49' title='bbox 562 842 601 909; x_wconf 91' lang='lat' dir='ltr'><strong>de</strong></span> <span class='ocrx_word' id='word_1_50' title='bbox 627 842 801 909; x_wconf 87' lang='lat' dir='ltr'><strong>communis</strong></span> <span class='ocrx_word' id='word_1_51' title='bbox 821 841 924 928; x_wconf 84' lang='lat' dir='ltr'><strong>patris</strong></span> <span class='ocrx_word' id='word_1_52' title='bbox 946 846 980 908; x_wconf 83' lang='lat' dir='ltr'><strong>et</strong></span> <span class='ocrx_word' id='word_1_53' title='bbox 998 844 1126 928; x_wconf 85' lang='lat' dir='ltr'><strong>patroni</strong></span> <span class='ocrx_word' id='word_1_54' title='bbox 1146 844 1259 929; x_wconf 84' lang='lat' dir='ltr'><strong>nostri,</strong></span> 
     </span>
     <span class='ocr_line' id='line_1_7' title="bbox 85 957 1260 1045; baseline 0.003 -20"><span class='ocrx_word' id='word_1_55' title='bbox 85 958 281 1026; x_wconf 71' lang='lat' dir='ltr'><strong>sanctissimi</strong></span> <span class='ocrx_word' id='word_1_56' title='bbox 297 958 443 1027; x_wconf 86' lang='lat' dir='ltr'><strong>videlicet</strong></span> <span class='ocrx_word' id='word_1_57' title='bbox 464 958 649 1027; x_wconf 80' lang='lat' dir='ltr'><strong>confessoris</strong></span> <span class='ocrx_word' id='word_1_58' title='bbox 672 957 791 1024; x_wconf 82' lang='lat' dir='ltr'><strong>Christi</strong></span> <span class='ocrx_word' id='word_1_59' title='bbox 812 957 961 1042; x_wconf 73' lang='lat' dir='ltr'><strong>liemacli</strong></span> <span class='ocrx_word' id='word_1_60' title='bbox 983 959 1105 1025; x_wconf 84' lang='lat' dir='ltr'><strong>meritis</strong></span> <span class='ocrx_word' id='word_1_61' title='bbox 1119 962 1260 1045; x_wconf 78' lang='lat' dir='ltr'><strong>cogitan-</strong></span> 
     </span>
     <span class='ocr_line' id='line_1_8' title="bbox 83 1074 1260 1164; baseline 0.003 -24"><span class='ocrx_word' id='word_1_62' title='bbox 83 1080 150 1158; x_wconf 86' lang='lat' dir='ltr'><strong>tes,</strong></span> <span class='ocrx_word' id='word_1_63' title='bbox 180 1075 248 1141; x_wconf 88' lang='lat' dir='ltr'><strong>eins</strong></span> <span class='ocrx_word' id='word_1_64' title='bbox 269 1076 444 1162; x_wconf 86' lang='lat' dir='ltr'><strong>patrocinio</strong></span> <span class='ocrx_word' id='word_1_65' title='bbox 467 1076 543 1142; x_wconf 90' lang='lat' dir='ltr'><strong>estis</strong></span> <span class='ocrx_word' id='word_1_66' title='bbox 565 1076 710 1159; x_wconf 70' lang='lat' dir='ltr'><strong>assecuti,</strong></span> <span class='ocrx_word' id='word_1_67' title='bbox 734 1074 817 1160; x_wconf 87' lang='lat' dir='ltr'><strong>qood</strong></span> <span class='ocrx_word' id='word_1_68' title='bbox 839 1075 1017 1141; x_wconf 80' lang='lat' dir='ltr'><strong>communio</strong></span> <span class='ocrx_word' id='word_1_69' title='bbox 1036 1082 1167 1162; x_wconf 85' lang='lat' dir='ltr'><strong>peccata</strong></span> <span class='ocrx_word' id='word_1_70' title='bbox 1185 1098 1260 1164; x_wconf 87' lang='lat' dir='ltr'><strong>pre·</strong></span> 
     </span>
     <span class='ocr_line' id='line_1_9' title="bbox 83 1190 1271 1279; baseline 0.003 -20"><span class='ocrx_word' id='word_1_71' title='bbox 83 1191 199 1279; x_wconf 85' lang='lat' dir='ltr'><strong>pedire</strong></span> <span class='ocrx_word' id='word_1_72' title='bbox 222 1190 418 1259; x_wconf 80' lang='lat' dir='ltr'><strong>ridebantur.</strong></span> <span class='ocrx_word' id='word_1_73' title='bbox 463 1192 507 1259; x_wconf 89' lang='lat' dir='ltr'><strong>Et</strong></span> <span class='ocrx_word' id='word_1_74' title='bbox 532 1192 607 1259; x_wconf 85' lang='lat' dir='ltr'><strong>licet</strong></span> <span class='ocrx_word' id='word_1_75' title='bbox 634 1190 768 1258; x_wconf 78' lang='lat' dir='ltr'><strong>eruditio</strong></span> <span class='ocrx_word' id='word_1_76' title='bbox 791 1196 898 1259; x_wconf 85' lang='lat' dir='ltr'><strong>vestra</strong></span> <span class='ocrx_word' id='word_1_77' title='bbox 924 1196 958 1258; x_wconf 89' lang='lat' dir='ltr'><strong>st</strong></span> <span class='ocrx_word' id='word_1_78' title='bbox 985 1191 1109 1258; x_wconf 85' lang='lat' dir='ltr'><strong>devotio</strong></span> <span class='ocrx_word' id='word_1_79' title='bbox 1137 1194 1271 1261; x_wconf 77' lang='lat' dir='ltr'><strong>abnnde‘</strong></span> 
     </span>
     <span class='ocr_line' id='line_1_10' title="bbox 4 1307 1260 1396; baseline 0.002 -21"><span class='ocrx_word' id='word_1_80' title='bbox 4 1360 6 1375; x_wconf 90' lang='lat'>.</span> <span class='ocrx_word' id='word_1_81' title='bbox 82 1307 256 1392; x_wconf 81' lang='lat' dir='ltr'><strong>intelligat,</strong></span> <span class='ocrx_word' id='word_1_82' title='bbox 271 1308 389 1375; x_wconf 88' lang='lat' dir='ltr'><strong>eisdem</strong></span> <span class='ocrx_word' id='word_1_83' title='bbox 404 1308 517 1375; x_wconf 90' lang='lat' dir='ltr'><strong>studiis</strong></span> <span class='ocrx_word' id='word_1_84' title='bbox 533 1308 778 1377; x_wconf 78' lang='lat' dir='ltr'><strong>conservandam</strong></span> <span class='ocrx_word' id='word_1_85' title='bbox 794 1328 863 1375; x_wconf 87' lang='lat' dir='ltr'><strong>esse</strong></span> <span class='ocrx_word' id='word_1_86' title='bbox 876 1308 1129 1395; x_wconf 61' lang='lat' dir='ltr'><strong>prosperitatem,</strong></span> <span class='ocrx_word' id='word_1_87' title='bbox 1147 1310 1260 1396; x_wconf 90' lang='lat' dir='ltr'><strong>quibus</strong></span> 
     </span>
     <span class='ocr_line' id='line_1_11' title="bbox 83 1424 1260 1511; baseline 0.002 -19"><span class='ocrx_word' id='word_1_88' title='bbox 83 1444 159 1492; x_wconf 88' lang='lat' dir='ltr'><strong>eam</strong></span> <span class='ocrx_word' id='word_1_89' title='bbox 191 1424 299 1511; x_wconf 83' lang='lat' dir='ltr'><strong>adepti</strong></span> <span class='ocrx_word' id='word_1_90' title='bbox 322 1425 412 1509; x_wconf 83' lang='lat' dir='ltr'><strong>estis,</strong></span> <span class='ocrx_word' id='word_1_91' title='bbox 441 1429 547 1493; x_wconf 87' lang='lat' dir='ltr'><strong>tamen</strong></span> <span class='ocrx_word' id='word_1_92' title='bbox 570 1430 679 1492; x_wconf 88' lang='lat' dir='ltr'><strong>nostra</strong></span> <span class='ocrx_word' id='word_1_93' title='bbox 708 1424 884 1492; x_wconf 87' lang='lat' dir='ltr'><strong>sollicitudo</strong></span> <span class='ocrx_word' id='word_1_94' title='bbox 911 1445 975 1491; x_wconf 91' lang='lat' dir='ltr'><strong>non</strong></span> <span class='ocrx_word' id='word_1_95' title='bbox 998 1425 1171 1493; x_wconf 67' lang='lat' dir='ltr'><strong>arbitratur</strong></span> <span class='ocrx_word' id='word_1_96' title='bbox 1191 1446 1260 1494; x_wconf 90' lang='lat' dir='ltr'><strong>esse</strong></span> 
     </span>
     <span class='ocr_line' id='line_1_12' title="bbox 3 1539 1261 1625; baseline 0.002 -17"><span class='ocrx_word' id='word_1_97' title='bbox 3 1570 4 1573; x_wconf 40' lang='lat'>¹</span> <span class='ocrx_word' id='word_1_98' title='bbox 82 1542 237 1625; x_wconf 85' lang='lat' dir='ltr'><strong>otiosum,</strong></span> <span class='ocrx_word' id='word_1_99' title='bbox 261 1541 289 1607; x_wconf 90' lang='lat' dir='ltr'><strong>si</strong></span> <span class='ocrx_word' id='word_1_100' title='bbox 312 1545 344 1608; x_wconf 89' lang='lat' dir='ltr'><strong>et</strong></span> <span class='ocrx_word' id='word_1_101' title='bbox 365 1560 421 1607; x_wconf 86' lang='lat' dir='ltr'><strong>vos</strong></span> <span class='ocrx_word' id='word_1_102' title='bbox 442 1540 532 1608; x_wconf 89' lang='lat' dir='ltr'><strong>filiali</strong></span> <span class='ocrx_word' id='word_1_103' title='bbox 554 1547 586 1609; x_wconf 87' lang='lat' dir='ltr'><strong>et</strong></span> <span class='ocrx_word' id='word_1_104' title='bbox 606 1542 718 1608; x_wconf 89' lang='lat' dir='ltr'><strong>intimo</strong></span> <span class='ocrx_word' id='word_1_105' title='bbox 742 1539 855 1607; x_wconf 85' lang='lat' dir='ltr'><strong>affectu</strong></span> <span class='ocrx_word' id='word_1_106' title='bbox 877 1560 1129 1609; x_wconf 76' lang='lat' dir='ltr'><strong>commoneamus</strong></span> <span class='ocrx_word' id='word_1_107' title='bbox 1151 1548 1184 1610; x_wconf 89' lang='lat' dir='ltr'><strong>et</strong></span> <span class='ocrx_word' id='word_1_108' title='bbox 1203 1564 1261 1611; x_wconf 81' lang='lat' dir='ltr'><strong>ros</strong></span> 
     </span>
     <span class='ocr_line' id='line_1_13' title="bbox 3 1656 1262 1750; baseline 0.001 -25"><span class='ocrx_word' id='word_1_109' title='bbox 3 1725 8 1750; x_wconf 39' lang='grc' dir='ltr'><strong>,Ι</strong></span> <span class='ocrx_word' id='word_1_110' title='bbox 81 1659 116 1725; x_wconf 93' lang='lat' dir='ltr'><strong>in</strong></span> <span class='ocrx_word' id='word_1_111' title='bbox 149 1658 184 1725; x_wconf 93' lang='lat' dir='ltr'><strong>id</strong></span> <span class='ocrx_word' id='word_1_112' title='bbox 212 1658 319 1745; x_wconf 88' lang='lat' dir='ltr'><strong>ipsum</strong></span> <span class='ocrx_word' id='word_1_113' title='bbox 341 1656 535 1745; x_wconf 88' lang='lat' dir='ltr'><strong>supplicibus</strong></span> <span class='ocrx_word' id='word_1_114' title='bbox 557 1659 639 1725; x_wconf 88' lang='lat' dir='ltr'><strong>votis</strong></span> <span class='ocrx_word' id='word_1_115' title='bbox 662 1658 854 1724; x_wconf 85' lang='lat' dir='ltr'><strong>adiuvemus.</strong></span> <span class='ocrx_word' id='word_1_116' title='bbox 899 1656 982 1724; x_wconf 87' lang='lat' dir='ltr'><strong>Nam</strong></span> <span class='ocrx_word' id='word_1_117' title='bbox 1004 1663 1110 1726; x_wconf 83' lang='lat' dir='ltr'><strong>vestra</strong></span> <span class='ocrx_word' id='word_1_118' title='bbox 1130 1679 1262 1747; x_wconf 85' lang='lat' dir='ltr'><strong>prospe·</strong></span> 
     </span>
     <span class='ocr_line' id='line_1_14' title="bbox 3 1773 1261 1868; baseline 0 -25"><span class='ocrx_word' id='word_1_119' title='bbox 3 1825 10 1868; x_wconf 44' lang='grc' dir='ltr'><em>τ</em></span> <span class='ocrx_word' id='word_1_120' title='bbox 80 1777 168 1843; x_wconf 85' lang='lat' dir='ltr'><strong>ritas</strong></span> <span class='ocrx_word' id='word_1_121' title='bbox 190 1779 302 1841; x_wconf 88' lang='lat' dir='ltr'><strong>nostra</strong></span> <span class='ocrx_word' id='word_1_122' title='bbox 317 1779 379 1857; x_wconf 85' lang='lat' dir='ltr'><strong>est3</strong></span> <span class='ocrx_word' id='word_1_123' title='bbox 404 1779 435 1843; x_wconf 86' lang='lat' dir='ltr'><strong>et</strong></span> <span class='ocrx_word' id='word_1_124' title='bbox 456 1774 490 1841; x_wconf 90' lang='lat' dir='ltr'><strong>in</strong></span> <span class='ocrx_word' id='word_1_125' title='bbox 512 1780 636 1842; x_wconf 89' lang='lat' dir='ltr'><strong>tantum</strong></span> <span class='ocrx_word' id='word_1_126' title='bbox 658 1779 732 1841; x_wconf 89' lang='lat' dir='ltr'><strong>sunt</strong></span> <span class='ocrx_word' id='word_1_127' title='bbox 753 1773 844 1841; x_wconf 88' lang='lat' dir='ltr'><strong>nobis</strong></span> <span class='ocrx_word' id='word_1_128' title='bbox 867 1776 974 1841; x_wconf 88' lang='lat' dir='ltr'><strong>omnia</strong></span> <span class='ocrx_word' id='word_1_129' title='bbox 993 1776 1156 1843; x_wconf 84' lang='lat' dir='ltr'><strong>vobiscum</strong></span> <span class='ocrx_word' id='word_1_130' title='bbox 1176 1796 1261 1843; x_wconf 86' lang='lat' dir='ltr'><strong>eom·</strong></span> 
     </span>
     <span class='ocr_line' id='line_1_15' title="bbox 82 1890 1261 1979; baseline 0.002 -20"><span class='ocrx_word' id='word_1_131' title='bbox 82 1892 208 1975; x_wconf 89' lang='lat' dir='ltr'><strong>munia,</strong></span> <span class='ocrx_word' id='word_1_132' title='bbox 231 1896 268 1957; x_wconf 86' lang='lat' dir='ltr'><strong>nt</strong></span> <span class='ocrx_word' id='word_1_133' title='bbox 280 1890 379 1958; x_wconf 80' lang='lat' dir='ltr'><strong>nichil</strong></span> <span class='ocrx_word' id='word_1_134' title='bbox 394 1890 540 1976; x_wconf 77' lang='lat' dir='ltr'><strong>alienum</strong></span> <span class='ocrx_word' id='word_1_135' title='bbox 563 1892 660 1959; x_wconf 77' lang='lat' dir='ltr'><strong>nichil</strong></span> <span class='ocrx_word' id='word_1_136' title='bbox 675 1895 872 1976; x_wconf 76' lang='lat' dir='ltr'><strong>segregatum</strong></span> <span class='ocrx_word' id='word_1_137' title='bbox 887 1891 1071 1978; x_wconf 84' lang='lat' dir='ltr'><strong>iudicemus,</strong></span> <span class='ocrx_word' id='word_1_138' title='bbox 1085 1893 1147 1959; x_wconf 92' lang='lat' dir='ltr'><strong>nisi</strong></span> <span class='ocrx_word' id='word_1_139' title='bbox 1162 1914 1261 1979; x_wconf 86' lang='lat' dir='ltr'><strong>qnan-</strong></span> 
     </span>
     <span class='ocr_line' id='line_1_16' title="bbox 3 2006 1261 2105; baseline 0.002 -30"><span class='ocrx_word' id='word_1_140' title='bbox 3 2062 12 2105; x_wconf 56' lang='lat'>3</span> <span class='ocrx_word' id='word_1_141' title='bbox 82 2014 157 2075; x_wconf 87' lang='lat' dir='ltr'><strong>tum</strong></span> <span class='ocrx_word' id='word_1_142' title='bbox 180 2006 357 2075; x_wconf 84' lang='lat' dir='ltr'><strong>intervallis</strong></span> <span class='ocrx_word' id='word_1_143' title='bbox 379 2006 528 2093; x_wconf 86' lang='lat' dir='ltr'><strong>locorum,</strong></span> <span class='ocrx_word' id='word_1_144' title='bbox 553 2008 666 2095; x_wconf 88' lang='lat' dir='ltr'><strong>quibus</strong></span> <span class='ocrx_word' id='word_1_145' title='bbox 680 2008 772 2074; x_wconf 88' lang='lat' dir='ltr'><strong>valde</strong></span> <span class='ocrx_word' id='word_1_146' title='bbox 788 2008 976 2092; x_wconf 82' lang='lat' dir='ltr'><strong>invidemus,</strong></span> <span class='ocrx_word' id='word_1_147' title='bbox 1000 2010 1107 2097; x_wconf 85' lang='lat' dir='ltr'><strong>spacio</strong></span> <span class='ocrx_word' id='word_1_148' title='bbox 1120 2008 1261 2095; x_wconf 73' lang='lat' dir='ltr'><strong>longiore</strong></span> 
     </span>
     <span class='ocr_line' id='line_1_17' title="bbox 4 2124 1261 2215; baseline 0.002 -24"><span class='ocrx_word' id='word_1_149' title='bbox 4 2178 15 2191; x_wconf 81' lang='grc'><strong>,.</strong></span> <span class='ocrx_word' id='word_1_150' title='bbox 83 2124 256 2193; x_wconf 87' lang='lat' dir='ltr'><strong>distamus.</strong></span> <span class='ocrx_word' id='word_1_151' title='bbox 300 2124 344 2191; x_wconf 89' lang='lat' dir='ltr'><strong>Et</strong></span> <span class='ocrx_word' id='word_1_152' title='bbox 365 2124 512 2211; x_wconf 89' lang='lat' dir='ltr'><strong>qnoniam</strong></span> <span class='ocrx_word' id='word_1_153' title='bbox 536 2125 574 2193; x_wconf 92' lang='lat' dir='ltr'><strong>de</strong></span> <span class='ocrx_word' id='word_1_154' title='bbox 596 2130 775 2193; x_wconf 87' lang='lat' dir='ltr'><strong>nostrarum</strong></span> <span class='ocrx_word' id='word_1_155' title='bbox 797 2144 903 2191; x_wconf 87' lang='lat' dir='ltr'><strong>rerum</strong></span> <span class='ocrx_word' id='word_1_156' title='bbox 925 2124 1108 2193; x_wconf 76' lang='lat' dir='ltr'><strong>habitudine</strong></span> <span class='ocrx_word' id='word_1_157' title='bbox 1129 2128 1184 2215; x_wconf 85' lang='lat' dir='ltr'><strong>pia</strong></span> <span class='ocrx_word' id='word_1_158' title='bbox 1204 2148 1261 2194; x_wconf 84' lang='lat' dir='ltr'><strong>vos</strong></span> 
     </span>
     <span class='ocr_line' id='line_1_18' title="bbox 3 2241 1261 2342; baseline 0.001 -33"><span class='ocrx_word' id='word_1_159' title='bbox 3 2297 14 2342; x_wconf 41' lang='grc' dir='ltr'>ἱ</span> <span class='ocrx_word' id='word_1_160' title='bbox 83 2242 188 2309; x_wconf 89' lang='lat' dir='ltr'><strong>animi</strong></span> <span class='ocrx_word' id='word_1_161' title='bbox 213 2242 356 2310; x_wconf 76' lang='lat' dir='ltr'><strong>anxietas</strong></span> <span class='ocrx_word' id='word_1_162' title='bbox 378 2246 552 2330; x_wconf 72' lang='lat' dir='ltr'><strong>permovet,</strong></span> <span class='ocrx_word' id='word_1_163' title='bbox 575 2241 655 2309; x_wconf 87' lang='lat' dir='ltr'><strong>sciat</strong></span> <span class='ocrx_word' id='word_1_164' title='bbox 668 2246 775 2308; x_wconf 86' lang='lat' dir='ltr'><strong>vestra</strong></span> <span class='ocrx_word' id='word_1_165' title='bbox 796 2241 972 2326; x_wconf 80' lang='lat' dir='ltr'><strong>sinceritas,</strong></span> <span class='ocrx_word' id='word_1_166' title='bbox 995 2242 1078 2327; x_wconf 88' lang='lat' dir='ltr'><strong>qnod</strong></span> <span class='ocrx_word' id='word_1_167' title='bbox 1100 2243 1261 2310; x_wconf 85' lang='lat' dir='ltr'><strong>inlabere</strong></span> 
     </span>
     <span class='ocr_line' id='line_1_19' title="bbox 3 2352 1260 2458; baseline 0.001 -33"><span class='ocrx_word' id='word_1_168' title='bbox 3 2429 13 2458; x_wconf 34' lang='grc' dir='ltr'><strong>ὲ</strong></span> <span class='ocrx_word' id='word_1_169' title='bbox 83 2358 253 2427; x_wconf 89' lang='lat' dir='ltr'><strong>hominnm</strong></span> <span class='ocrx_word' id='word_1_170' title='bbox 277 2378 385 2426; x_wconf 87' lang='lat' dir='ltr'><strong>sumus</strong></span> <span class='ocrx_word' id='word_1_171' title='bbox 409 2364 441 2427; x_wconf 87' lang='lat' dir='ltr'><strong>et</strong></span> <span class='ocrx_word' id='word_1_172' title='bbox 462 2378 533 2426; x_wconf 88' lang='lat' dir='ltr'><strong>cum</strong></span> <span class='ocrx_word' id='word_1_173' title='bbox 556 2358 734 2425; x_wconf 87' lang='lat' dir='ltr'><strong>hominibus</strong></span> <span class='ocrx_word' id='word_1_174' title='bbox 748 2352 970 2442; x_wconf 77' lang='lat' dir='ltr'><strong>flagellamur&#39;,</strong></span> <span class='ocrx_word' id='word_1_175' title='bbox 994 2359 1078 2443; x_wconf 82' lang='lat' dir='ltr'><strong>quia,</strong></span> <span class='ocrx_word' id='word_1_176' title='bbox 1100 2364 1260 2426; x_wconf 83' lang='lat' dir='ltr'><strong>tantarum</strong></span> 
     </span>
     <span class='ocr_line' id='line_1_20' title="bbox 4 2473 1261 2562; baseline -0.005 -15"><span class='ocrx_word' id='word_1_177' title='bbox 4 2520 15 2547; x_wconf 58' lang='lat'><strong>›.</strong></span> <span class='ocrx_word' id='word_1_178' title='bbox 84 2482 119 2543; x_wconf 89' lang='lat' dir='ltr'><strong>et</strong></span> <span class='ocrx_word' id='word_1_179' title='bbox 142 2480 211 2543; x_wconf 85' lang='lat' dir='ltr'><strong>tarn</strong></span> <span class='ocrx_word' id='word_1_180' title='bbox 232 2480 425 2543; x_wconf 89' lang='lat' dir='ltr'><strong>remotarum</strong></span> <span class='ocrx_word' id='word_1_181' title='bbox 445 2494 551 2541; x_wconf 89' lang='lat' dir='ltr'><strong>rorum</strong></span> <span class='ocrx_word' id='word_1_182' title='bbox 574 2480 803 2562; x_wconf 86' lang='lat' dir='ltr'><strong>procuratores,</strong></span> <span class='ocrx_word' id='word_1_183' title='bbox 829 2494 1002 2559; x_wconf 87' lang='lat' dir='ltr'><strong>numquam</strong></span> <span class='ocrx_word' id='word_1_184' title='bbox 1022 2473 1075 2541; x_wconf 85' lang='lat' dir='ltr'><strong>vel</strong></span> <span class='ocrx_word' id='word_1_185' title='bbox 1094 2495 1166 2541; x_wconf 91' lang='lat' dir='ltr'><strong>raro</strong></span> <span class='ocrx_word' id='word_1_186' title='bbox 1189 2476 1261 2541; x_wconf 86' lang='lat' dir='ltr'><strong>abs·</strong></span> 
     </span>
     <span class='ocr_line' id='line_1_21' title="bbox 84 2589 1261 2679; baseline -0.001 -21.062"><span class='ocrx_word' id='word_1_187' title='bbox 84 2612 152 2679; x_wconf 87' lang='lat' dir='ltr'><strong>qne</strong></span> <span class='ocrx_word' id='word_1_188' title='bbox 173 2592 340 2659; x_wconf 72' lang='lat' dir='ltr'><strong>teredone</strong></span> <span class='ocrx_word' id='word_1_189' title='bbox 361 2596 486 2679; x_wconf 87' lang='lat' dir='ltr'><strong>tempus</strong></span> <span class='ocrx_word' id='word_1_190' title='bbox 507 2592 661 2678; x_wconf 87' lang='lat' dir='ltr'><strong>preterire</strong></span> <span class='ocrx_word' id='word_1_191' title='bbox 683 2610 860 2677; x_wconf 88' lang='lat' dir='ltr'><strong>possumus.</strong></span> <span class='ocrx_word' id='word_1_192' title='bbox 895 2589 1042 2657; x_wconf 80' lang='lat' dir='ltr'><strong>Ceterum</strong></span> <span class='ocrx_word' id='word_1_193' title='bbox 1063 2612 1114 2658; x_wconf 88' lang='lat' dir='ltr'><strong>res</strong></span> <span class='ocrx_word' id='word_1_194' title='bbox 1136 2594 1261 2657; x_wconf 85' lang='lat' dir='ltr'><strong>nostras</strong></span> 
     </span>
     <span class='ocr_line' id='line_1_22' title="bbox 7 2686 1262 2796; baseline -0.002 -20"><span class='ocrx_word' id='word_1_195' title='bbox 7 2686 10 2693; x_wconf 38' lang='lat'><em>¹</em></span> <span class='ocrx_word' id='word_1_196' title='bbox 84 2708 158 2777; x_wconf 85' lang='lat' dir='ltr'><strong>Deo</strong></span> <span class='ocrx_word' id='word_1_197' title='bbox 192 2708 332 2796; x_wconf 80' lang='lat' dir='ltr'><strong>propitio</strong></span> <span class='ocrx_word' id='word_1_198' title='bbox 361 2728 419 2795; x_wconf 87' lang='lat' dir='ltr'><strong>per</strong></span> <span class='ocrx_word' id='word_1_199' title='bbox 445 2708 559 2775; x_wconf 88' lang='lat' dir='ltr'><strong>merita</strong></span> <span class='ocrx_word' id='word_1_200' title='bbox 587 2713 619 2774; x_wconf 89' lang='lat' dir='ltr'><strong>et</strong></span> <span class='ocrx_word' id='word_1_201' title='bbox 645 2706 901 2774; x_wconf 85' lang='lat' dir='ltr'><strong>intercessionem</strong></span> <span class='ocrx_word' id='word_1_202' title='bbox 928 2707 1099 2773; x_wconf 73' lang='lat' dir='ltr'><strong>neumandi</strong></span> <span class='ocrx_word' id='word_1_203' title='bbox 1125 2706 1262 2793; x_wconf 87' lang='lat' dir='ltr'><strong>pastoris</strong></span> 
     </span>
     <span class='ocr_line' id='line_1_23' title="bbox 11 2822 1261 2927; baseline -0.003 -34"><span class='ocrx_word' id='word_1_204' title='bbox 11 2886 14 2927; x_wconf 30' lang='grc' dir='ltr'><strong>,ἱ</strong></span> <span class='ocrx_word' id='word_1_205' title='bbox 86 2831 121 2893; x_wconf 86' lang='lat' dir='ltr'><strong>et</strong></span> <span class='ocrx_word' id='word_1_206' title='bbox 151 2825 279 2912; x_wconf 88' lang='lat' dir='ltr'><strong>patroni</strong></span> <span class='ocrx_word' id='word_1_207' title='bbox 307 2826 407 2891; x_wconf 85' lang='lat' dir='ltr'><strong>noshi</strong></span> <span class='ocrx_word' id='word_1_208' title='bbox 429 2824 568 2892; x_wconf 77' lang='lat' dir='ltr'><strong>liemacli</strong></span> <span class='ocrx_word' id='word_1_209' title='bbox 593 2823 791 2908; x_wconf 83' lang='lat' dir='ltr'><strong>moderante,</strong></span> <span class='ocrx_word' id='word_1_210' title='bbox 821 2844 945 2891; x_wconf 86' lang='lat' dir='ltr'><strong>summa</strong></span> <span class='ocrx_word' id='word_1_211' title='bbox 964 2844 1071 2891; x_wconf 89' lang='lat' dir='ltr'><strong>rerum</strong></span> <span class='ocrx_word' id='word_1_212' title='bbox 1093 2822 1182 2889; x_wconf 87' lang='lat' dir='ltr'><strong>salva</strong></span> <span class='ocrx_word' id='word_1_213' title='bbox 1203 2827 1261 2908; x_wconf 70' lang='lat' dir='ltr'><strong>est,</strong></span> 
     </span>
     <span class='ocr_line' id='line_1_24' title="bbox 13 2939 1263 3035; baseline -0.003 -26"><span class='ocrx_word' id='word_1_214' title='bbox 13 3000 17 3019; x_wconf 86' lang='lat'><em>,</em></span> <span class='ocrx_word' id='word_1_215' title='bbox 85 2942 165 3009; x_wconf 75' lang='lat' dir='ltr'><strong>licet</strong></span> <span class='ocrx_word' id='word_1_216' title='bbox 187 2940 227 3008; x_wconf 92' lang='lat' dir='ltr'><strong>de</strong></span> <span class='ocrx_word' id='word_1_217' title='bbox 249 2939 393 3029; x_wconf 86' lang='lat' dir='ltr'><strong>partibus</strong></span> <span class='ocrx_word' id='word_1_218' title='bbox 416 2941 643 3035; x_wconf 87' lang='lat' dir='ltr'><strong>aliquantulum</strong></span> <span class='ocrx_word' id='word_1_219' title='bbox 666 2942 830 3029; x_wconf 83' lang='lat' dir='ltr'><strong>depereat3</strong></span> <span class='ocrx_word' id='word_1_220' title='bbox 853 2961 973 3027; x_wconf 87' lang='lat' dir='ltr'><strong>nosque</strong></span> <span class='ocrx_word' id='word_1_221' title='bbox 993 2941 1028 3006; x_wconf 91' lang='lat' dir='ltr'><strong>in</strong></span> <span class='ocrx_word' id='word_1_222' title='bbox 1041 2960 1179 3027; x_wconf 85' lang='lat' dir='ltr'><strong>persona</strong></span> <span class='ocrx_word' id='word_1_223' title='bbox 1193 2941 1263 3006; x_wconf 90' lang='lat' dir='ltr'><strong>sani</strong></span> 
     </span>
     <span class='ocr_line' id='line_1_25' title="bbox 13 3036 1264 3127; baseline -0.006 0"><span class='ocrx_word' id='word_1_224' title='bbox 13 3036 16 3042; x_wconf 36' lang='lat'><em>¹</em></span> <span class='ocrx_word' id='word_1_225' title='bbox 87 3064 122 3127; x_wconf 89' lang='lat' dir='ltr'><strong>et</strong></span> <span class='ocrx_word' id='word_1_226' title='bbox 145 3057 320 3125; x_wconf 87' lang='lat' dir='ltr'><strong>incolumes</strong></span> <span class='ocrx_word' id='word_1_227' title='bbox 342 3077 450 3124; x_wconf 86' lang='lat' dir='ltr'><strong>sumus</strong></span> <span class='ocrx_word' id='word_1_228' title='bbox 473 3063 506 3125; x_wconf 88' lang='lat' dir='ltr'><strong>et</strong></span> <span class='ocrx_word' id='word_1_229' title='bbox 521 3061 619 3126; x_wconf 77' lang='lat' dir='ltr'><strong>vestri</strong></span> <span class='ocrx_word' id='word_1_230' title='bbox 641 3060 823 3125; x_wconf 84' lang='lat' dir='ltr'><strong>inveritate</strong></span> <span class='ocrx_word' id='word_1_231' title='bbox 845 3062 1010 3124; x_wconf 86' lang='lat' dir='ltr'><strong>amatores.</strong></span> <span class='ocrx_word' id='word_1_232' title='bbox 1084 3054 1264 3121; x_wconf 84' lang='lat' dir='ltr'><strong>Remittetis</strong></span> 
     </span>
     <span class='ocr_line' id='line_1_26' title="bbox 16 3172 1284 3262; baseline -0.002 -24"><span class='ocrx_word' id='word_1_233' title='bbox 16 3218 18 3238; x_wconf 44' lang='lat' dir='ltr'><strong>r</strong></span> <span class='ocrx_word' id='word_1_234' title='bbox 86 3174 183 3243; x_wconf 90' lang='lat' dir='ltr'><strong>nobis</strong></span> <span class='ocrx_word' id='word_1_235' title='bbox 199 3174 285 3241; x_wconf 87' lang='lat' dir='ltr'><strong>circa</strong></span> <span class='ocrx_word' id='word_1_236' title='bbox 300 3180 425 3262; x_wconf 87' lang='lat' dir='ltr'><strong>tempus</strong></span> <span class='ocrx_word' id='word_1_237' title='bbox 441 3176 619 3243; x_wconf 88' lang='lat' dir='ltr'><strong>autumnale</strong></span> <span class='ocrx_word' id='word_1_238' title='bbox 635 3196 742 3243; x_wconf 86' lang='lat' dir='ltr'><strong>cecum</strong></span> <span class='ocrx_word' id='word_1_239' title='bbox 757 3180 897 3241; x_wconf 70' lang='lat' dir='ltr'><strong>vestam</strong></span> <span class='ocrx_word' id='word_1_240' title='bbox 912 3173 1044 3241; x_wconf 85' lang='lat' dir='ltr'><strong>lotorem</strong></span> <span class='ocrx_word' id='word_1_241' title='bbox 1058 3172 1284 3259; x_wconf 51' lang='lat' dir='ltr'><strong>presentiens</strong></span> 
     </span>
     <span class='ocr_line' id='line_1_27' title="bbox 18 3288 1267 3380; baseline -0.006 -19"><span class='ocrx_word' id='word_1_242' title='bbox 18 3356 20 3361; x_wconf 14' lang='grc' dir='ltr'><strong>Α</strong></span> <span class='ocrx_word' id='word_1_243' title='bbox 87 3293 143 3360; x_wconf 89' lang='lat' dir='ltr'><strong>cni</strong></span> <span class='ocrx_word' id='word_1_244' title='bbox 166 3292 264 3359; x_wconf 89' lang='lat' dir='ltr'><strong>etiam</strong></span> <span class='ocrx_word' id='word_1_245' title='bbox 287 3292 448 3359; x_wconf 89' lang='lat' dir='ltr'><strong>ductorem</strong></span> <span class='ocrx_word' id='word_1_246' title='bbox 462 3293 531 3359; x_wconf 86' lang='lat' dir='ltr'><strong>viae</strong></span> <span class='ocrx_word' id='word_1_247' title='bbox 549 3293 736 3380; x_wconf 83' lang='lat' dir='ltr'><strong>prebebitis3</strong></span> <span class='ocrx_word' id='word_1_248' title='bbox 760 3297 793 3358; x_wconf 88' lang='lat' dir='ltr'><strong>et</strong></span> <span class='ocrx_word' id='word_1_249' title='bbox 813 3312 871 3379; x_wconf 86' lang='lat' dir='ltr'><strong>per</strong></span> <span class='ocrx_word' id='word_1_250' title='bbox 890 3290 997 3377; x_wconf 86' lang='lat' dir='ltr'><strong>ipsum</strong></span> <span class='ocrx_word' id='word_1_251' title='bbox 1017 3288 1110 3355; x_wconf 87' lang='lat' dir='ltr'><strong>nobis</strong></span> <span class='ocrx_word' id='word_1_252' title='bbox 1131 3293 1267 3373; x_wconf 88' lang='lat' dir='ltr'><strong>quatuor</strong></span> 
     </span>
     <span class='ocr_line' id='line_1_28' title="bbox 20 3406 1148 3511; baseline -0.005 -35"><span class='ocrx_word' id='word_1_253' title='bbox 20 3470 23 3511; x_wconf 45' lang='grc'>1</span> <span class='ocrx_word' id='word_1_254' title='bbox 88 3408 264 3492; x_wconf 85' lang='lat' dir='ltr'><strong>cuniculos,</strong></span> <span class='ocrx_word' id='word_1_255' title='bbox 288 3408 366 3475; x_wconf 87' lang='lat' dir='ltr'><strong>dnos</strong></span> <span class='ocrx_word' id='word_1_256' title='bbox 389 3408 534 3477; x_wconf 82' lang='lat' dir='ltr'><strong>videlicet</strong></span> <span class='ocrx_word' id='word_1_257' title='bbox 555 3429 659 3476; x_wconf 86' lang='lat' dir='ltr'><strong>mares</strong></span> <span class='ocrx_word' id='word_1_258' title='bbox 682 3414 714 3475; x_wconf 87' lang='lat' dir='ltr'><strong>et</strong></span> <span class='ocrx_word' id='word_1_259' title='bbox 735 3409 814 3475; x_wconf 89' lang='lat' dir='ltr'><strong>duas</strong></span> <span class='ocrx_word' id='word_1_260' title='bbox 834 3407 979 3490; x_wconf 82' lang='lat' dir='ltr'><strong>feminas,</strong></span> <span class='ocrx_word' id='word_1_261' title='bbox 1002 3406 1148 3471; x_wconf 87' lang='lat' dir='ltr'><strong>mittetis.</strong></span> 
     </span>
    </p>
   </div>
   <div class='ocr_carea' id='block_1_3' title="bbox 22 3576 1357 4424">
    <p class='ocr_par' dir='ltr' id='par_1_3' title="bbox 22 3576 1267 3712">
     <span class='ocr_line' id='line_1_29' title="bbox 22 3576 1267 3712; baseline -0.017 -18"><span class='ocrx_word' id='word_1_262' title='bbox 22 3576 26 3711; x_wconf 54' lang='lat' dir='ltr'><strong>l</strong></span> <span class='ocrx_word' id='word_1_263' title='bbox 94 3620 183 3693; x_wconf 82' lang='grc'><strong>177.</strong></span> <span class='ocrx_word' id='word_1_264' title='bbox 206 3625 366 3691; x_wconf 75' lang='lat' dir='ltr'><strong>Ws&#39;baldus</strong></span> <span class='ocrx_word' id='word_1_265' title='bbox 394 3622 557 3690; x_wconf 78' lang='lat' dir='ltr'><strong>Hartberto</strong></span> <span class='ocrx_word' id='word_1_266' title='bbox 586 3627 727 3712; x_wconf 65' lang='lat' dir='ltr'><strong>episcopo</strong></span> <span class='ocrx_word' id='word_1_267' title='bbox 753 3622 941 3689; x_wconf 68' lang='lat' dir='ltr'><strong>Traiectems&#39;</strong></span> <span class='ocrx_word' id='word_1_268' title='bbox 969 3620 1007 3683; x_wconf 79' lang='lat' dir='ltr'><strong>de</strong></span> <span class='ocrx_word' id='word_1_269' title='bbox 1036 3618 1166 3683; x_wconf 76' lang='lat' dir='ltr'><strong>ecclesia</strong></span> <span class='ocrx_word' id='word_1_270' title='bbox 1188 3616 1267 3681; x_wconf 70' lang='lat' dir='ltr'><strong>Lin-</strong></span> 
     </span>
    </p>

    <p class='ocr_par' dir='ltr' id='par_1_4' title="bbox 24 3714 1267 3827">
     <span class='ocr_line' id='line_1_30' title="bbox 24 3714 1267 3827; baseline -0.016 -16"><span class='ocrx_word' id='word_1_271' title='bbox 24 3714 28 3827; x_wconf 68' lang='lat' dir='ltr'><em>J</em></span> <span class='ocrx_word' id='word_1_272' title='bbox 203 3742 360 3807; x_wconf 61' lang='lat' dir='ltr'><strong>aarum</strong></span> <span class='ocrx_word' id='word_1_273' title='bbox 380 3741 492 3807; x_wconf 61' lang='lat' dir='ltr'><strong>essee.</strong></span> <span class='ocrx_word' id='word_1_274' title='bbox 1101 3729 1157 3810; x_wconf 81' lang='lat' dir='ltr'><strong>(n.</strong></span> <span class='ocrx_word' id='word_1_275' title='bbox 1181 3726 1267 3806; x_wconf 80' lang='lat' dir='ltr'><strong>rer.)</strong></span> 
     </span>
    </p>

    <p class='ocr_par' dir='ltr' id='par_1_5' title="bbox 26 3830 1357 4077">
     <span class='ocr_line' id='line_1_31' title="bbox 26 3830 1357 3959; baseline -0.025 -14"><span class='ocrx_word' id='word_1_276' title='bbox 26 3830 30 3959; x_wconf 61' lang='lat' dir='ltr'><strong>l</strong></span> <span class='ocrx_word' id='word_1_277' title='bbox 183 3872 366 3940; x_wconf 84' lang='lat' dir='ltr'><strong>Reverendo</strong></span> <span class='ocrx_word' id='word_1_278' title='bbox 381 3872 466 3958; x_wconf 84' lang='lat' dir='ltr'><strong>patri</strong></span> <span class='ocrx_word' id='word_1_279' title='bbox 481 3893 536 3939; x_wconf 89' lang='lat' dir='ltr'><strong>suc</strong></span> <span class='ocrx_word' id='word_1_280' title='bbox 553 3878 585 3939; x_wconf 88' lang='lat' dir='ltr'><strong>et</strong></span> <span class='ocrx_word' id='word_1_281' title='bbox 599 3872 724 3939; x_wconf 90' lang='lat' dir='ltr'><strong>domino</strong></span> <span class='ocrx_word' id='word_1_282' title='bbox 739 3868 938 3952; x_wconf 71' lang='lat' dir='ltr'><strong>Hlartberto)</strong></span> <span class='ocrx_word' id='word_1_283' title='bbox 951 3862 1129 3931; x_wconf 82' lang='lat' dir='ltr'><strong>venerabili</strong></span> <span class='ocrx_word' id='word_1_284' title='bbox 1144 3862 1270 3926; x_wconf 86' lang='lat' dir='ltr'><strong>sanctae</strong></span> <span class='ocrx_word' id='word_1_285' title='bbox 1289 3861 1357 3915; x_wconf 83' lang='lat'>1149</span> 
     </span>
     <span class='ocr_line' id='line_1_32' title="bbox 93 3970 1270 4077; baseline -0.021 -19"><span class='ocrx_word' id='word_1_286' title='bbox 93 3989 306 4060; x_wconf 86' lang='lat' dir='ltr'><strong>Traiectonsis</strong></span> <span class='ocrx_word' id='word_1_287' title='bbox 330 3988 498 4055; x_wconf 65' lang='lat' dir='ltr'><strong>moesiae</strong></span> <span class='ocrx_word' id='word_1_288' title='bbox 521 3988 666 4077; x_wconf 86' lang='lat' dir='ltr'><strong>episcopo</strong></span> <span class='ocrx_word' id='word_1_289' title='bbox 693 3990 793 4055; x_wconf 84' lang='lat' dir='ltr'><strong>frater</strong></span> <span class='ocrx_word' id='word_1_290' title='bbox 806 3980 998 4064; x_wconf 76' lang='lat' dir='ltr'><strong>Wlibaldns)</strong></span> <span class='ocrx_word' id='word_1_291' title='bbox 1018 3978 1083 4043; x_wconf 90' lang='lat' dir='ltr'><strong>Dei</strong></span> <span class='ocrx_word' id='word_1_292' title='bbox 1104 3973 1207 4058; x_wconf 79' lang='lat' dir='ltr'><strong>gratia</strong></span> <span class='ocrx_word' id='word_1_293' title='bbox 1226 3970 1270 4051; x_wconf 86' lang='lat' dir='ltr'><strong>id,</strong></span> 
     </span>
    </p>

    <p class='ocr_par' dir='ltr' id='par_1_6' title="bbox 31 4089 1270 4209">
     <span class='ocr_line' id='line_1_33' title="bbox 31 4089 1270 4209; baseline -0.025 -30"><span class='ocrx_word' id='word_1_294' title='bbox 31 4116 35 4209; x_wconf 66' lang='lat' dir='ltr'><strong>l</strong></span> <span class='ocrx_word' id='word_1_295' title='bbox 94 4108 177 4196; x_wconf 87' lang='lat' dir='ltr'><strong>quod</strong></span> <span class='ocrx_word' id='word_1_296' title='bbox 206 4112 255 4174; x_wconf 83' lang='lat' dir='ltr'><strong>est</strong></span> <span class='ocrx_word' id='word_1_297' title='bbox 281 4106 316 4173; x_wconf 91' lang='lat' dir='ltr'><strong>in</strong></span> <span class='ocrx_word' id='word_1_298' title='bbox 344 4104 496 4172; x_wconf 76' lang='lat' dir='ltr'><strong>aecclesia</strong></span> <span class='ocrx_word' id='word_1_299' title='bbox 523 4104 691 4189; x_wconf 86' lang='lat' dir='ltr'><strong>catholica,</strong></span> <span class='ocrx_word' id='word_1_300' title='bbox 720 4104 851 4186; x_wconf 78' lang='lat' dir='ltr'><strong>exiguas</strong></span> <span class='ocrx_word' id='word_1_301' title='bbox 879 4096 1044 4165; x_wconf 87' lang='lat' dir='ltr'><strong>orationes</strong></span> <span class='ocrx_word' id='word_1_302' title='bbox 1071 4095 1105 4157; x_wconf 88' lang='lat' dir='ltr'><strong>et</strong></span> <span class='ocrx_word' id='word_1_303' title='bbox 1125 4089 1270 4154; x_wconf 84' lang='lat' dir='ltr'><strong>devotum</strong></span> 
     </span>
    </p>

    <p class='ocr_par' dir='ltr' id='par_1_7' title="bbox 33 4216 268 4319">
     <span class='ocr_line' id='line_1_34' title="bbox 33 4216 268 4319; baseline -0.038 -22"><span class='ocrx_word' id='word_1_304' title='bbox 33 4216 36 4319; x_wconf 50' lang='lat' dir='ltr'><strong>l</strong></span> <span class='ocrx_word' id='word_1_305' title='bbox 96 4224 268 4295; x_wconf 86' lang='lat' dir='ltr'><strong>servitium.</strong></span> 
     </span>
    </p>

    <p class='ocr_par' dir='ltr' id='par_1_8' title="bbox 35 4340 932 4431">
     <span class='ocr_line' id='line_1_35' title="bbox 164 4340 932 4424; baseline -0.023 -12.02"><span class='ocrx_word' id='word_1_306' title='bbox 164 4352 396 4424; x_wconf 74' lang='lat' dir='ltr'><strong>1.lsoob.1‚1⁷.</strong></span> <span class='ocrx_word' id='word_1_307' title='bbox 468 4352 495 4406; x_wconf 79' lang='lat'><strong>2.</strong></span> <span class='ocrx_word' id='word_1_308' title='bbox 512 4351 557 4407; x_wconf 86' lang='lat' dir='ltr'><strong>Ps</strong></span> <span class='ocrx_word' id='word_1_309' title='bbox 573 4352 630 4420; x_wconf 71' lang='lat'><strong>120,</strong></span> <span class='ocrx_word' id='word_1_310' title='bbox 644 4353 668 4405; x_wconf 90' lang='lat'><strong>1.</strong></span> <span class='ocrx_word' id='word_1_311' title='bbox 741 4350 768 4403; x_wconf 84' lang='lat'><strong>3.</strong></span> <span class='ocrx_word' id='word_1_312' title='bbox 786 4340 932 4410; x_wconf 58' lang='lat' dir='ltr'><strong>Palm.</strong></span> 
     </span>
    </p>
   </div>
   <div class='ocr_carea' id='block_1_4' title="bbox 29 4004 32 4035">
    <p class='ocr_par' dir='ltr' id='par_1_9' title="bbox 29 4004 32 4035">
     <span class='ocr_line' id='line_1_36' title="bbox 29 4004 31 4015; baseline 0 0"><span class='ocrx_word' id='word_1_313' title='bbox 29 4004 31 4015; x_wconf 72' lang='lat' dir='ltr'><strong>l</strong></span> 
     </span>
     <span class='ocr_line' id='line_1_37' title="bbox 29 4018 31 4026; baseline 0 0"><span class='ocrx_word' id='word_1_314' title='bbox 29 4018 31 4026; x_wconf 68' lang='lat' dir='ltr'><strong>r</strong></span> 
     </span>
     <span class='ocr_line' id='line_1_38' title="bbox 30 4028 32 4035; baseline 0 0"><span class='ocrx_word' id='word_1_315' title='bbox 30 4028 32 4035; x_wconf 76' lang='grc' dir='ltr'>ι</span> 
     </span>
    </p>
   </div>
   <div class='ocr_carea' id='block_1_5' title="bbox 30 4038 33 4115">
    <p class='ocr_par' dir='ltr' id='par_1_10' title="bbox 30 4038 33 4115">
     <span class='ocr_line' id='line_1_39' title="bbox 30 4038 33 4115; baseline 0 0"><span class='ocrx_word' id='word_1_316' title='bbox 30 4038 33 4115; x_wconf 87' lang='lat' dir='ltr'><strong>l</strong></span> 
     </span>
    </p>
   </div>
   <div class='ocr_carea' id='block_1_6' title="bbox 0 0 1567 4859">
    <p class='ocr_par' dir='ltr' id='par_1_11' title="bbox 0 0 1567 4859">
     <span class='ocr_line' id='line_1_40' title="bbox 0 0 1567 4859; baseline 0 0"><span class='ocrx_word' id='word_1_317' title='bbox 0 0 1567 4859; x_wconf 95' lang='lat' dir='ltr'><strong> </strong></span> 
     </span>
    </p>
   </div>
  </div>
 </body>
</html>
