3117 4859
415 274 564 325 ommni
583 274 771 327 summaer
793 276 848 325 soa
863 277 917 325 soe.
1181 262 1245 330 lut

85 414 168 487 102.
190 418 386 487 Gorbsimss
407 442 429 487 a
450 418 591 489 Wibuldo
613 446 730 489 mmm
751 422 945 505 emmam,
966 444 1007 488 m
1027 422 1072 488 od
1088 426 1247 489 sescenti

189 538 292 593 asset
1105 526 1160 612 (bi
1177 529 1245 613 85.)

164 648 339 719 Gu‘msimo
359 650 485 719 domiuo
506 658 540 719 ot
551 654 637 741 petri
651 673 708 721 suo
719 651 864 723 Wiboldo
878 650 1051 721 venerabili
1064 651 1247 722 Gorbeiensi
1263 658 1334 715 nse

77 766 183 835 abbati
205 766 245 835 E.
267 768 372 856 prior,
392 766 610 855 Adoneus)
632 770 829 859 prepositus,
848 767 1032 855 Wtolterus)
1055 771 1246 841 ommatius
1365 782 1376 799 ⁰

76 884 219 952 debitam
240 884 461 969 obedientiam
1232 924 1238 933 ·

162 1000 202 1069 In
217 1008 370 1089 quantum
383 1003 432 1069 ias
447 1007 506 1088 est,
517 1002 717 1091 prudentiam
727 1007 867 1071 vestram
881 1004 1051 1089 argmmus,
1066 1003 1159 1091 quod,
1174 1023 1246 1071 oum

73 1118 263 1205 paternitati
276 1124 399 1187 sesnes
420 1120 595 1189 anxietates
615 1125 740 1188 nostras
754 1140 813 1207 per
826 1120 977 1187 nuncium
989 1125 1131 1189 ossuum
1145 1126 1178 1187 et
1192 1120 1246 1187 lit-

73 1239 158 1301 teras
180 1240 308 1303 uosuas
330 1236 609 1322 insinuaverimus,
632 1237 771 1305 nondum
794 1236 914 1325 aliquid
934 1237 1026 1306 nobis
1048 1236 1245 1305 certitudinis

73 1350 113 1417 de
133 1352 243 1419 reditu
265 1358 369 1421 vestro
393 1352 604 1439 signifioostis‚
626 1354 793 1441 presertim
814 1374 888 1422 oum
908 1354 943 1423 in
957 1355 1103 1423 omnibus
1118 1353 1245 1439 litteris,

74 1468 191 1554 quibus
220 1468 357 1537 reditum
378 1476 520 1539 vestrum
546 1470 606 1537 hae
627 1471 695 1539 viee
722 1472 877 1539 maturari
898 1472 1094 1558 rogavimus,
1123 1470 1183 1539 boo
1205 1471 1247 1538 ad

73 1604 235 1652 munnam
257 1606 328 1655 eum
350 1587 437 1655 omui
458 1586 622 1671 diligam
644 1586 890 1674 adiunxerimus,
912 1588 1078 1657 utstatim
1099 1592 1173 1675 post
1194 1606 1246 1655 ae·

72 1706 185 1791 oeptas
213 1702 336 1771 litteras
363 1704 481 1791 absque
508 1704 595 1771 omni
620 1704 771 1772 dilatione
799 1705 838 1773 de
864 1704 970 1773 reditu
991 1709 1097 1773 vestm
1126 1704 1167 1771 nd
1187 1723 1246 1772 nos
1387 1771 1391 1777 ⁴

72 1818 276 1886 ordinaretis.
315 1819 359 1887 Et
385 1840 456 1889 esee
481 1821 547 1888 iam
567 1821 634 1889 fere
656 1820 697 1888 ad
718 1826 784 1889 tres
805 1821 999 1909 septimanus
1020 1821 1171 1889 nundum
1193 1840 1246 1889 se·

72 1939 178 2003 strum
200 1937 346 2025 suspensi
368 1942 585 2026 expectamus3
608 1936 768 2025 multoque
783 1938 938 2007 desiderio
952 1939 1011 2006 sub
1025 1938 1085 2006 bae
1099 1943 1246 2027 expecta·

71 2052 161 2120 tione
191 2052 346 2120 affioimur
372 2073 431 2123 neo
458 2054 625 2141 quiequam
653 2054 876 2123 consolationis
904 2055 1034 2124 tvobis
1062 2055 1244 2143 aooipimus.

72 2167 158 2247 Quid
187 2188 263 2255 ergo
292 2170 420 2239 taudem
446 2171 617 2239 iaciemus?
656 2171 765 2258 Neque
793 2172 878 2239 euim
903 2173 971 2241 sine
992 2192 1088 2241 eausa
1108 2172 1246 2241 reditum

71 2290 219 2353 restrum
247 2290 411 2375 tantopere
437 2289 591 2355 maturari
618 2288 862 2376 postulavimus3
890 2289 968 2357 foris
990 2310 1130 2377 pugnae,
1159 2289 1245 2357 intus

71 2401 212 2470 labores.
258 2402 301 2470 Ut
327 2404 366 2473 de
388 2404 533 2474 omnibus
556 2403 627 2472 aliis
651 2405 815 2491 sileamus,
842 2406 909 2474 fere
929 2404 1156 2473 mortificamur
1177 2410 1245 2473 tota

71 2519 125 2588 die
154 2519 195 2587 de
218 2520 365 2608 opinione
386 2522 483 2589 immo
506 2523 736 2592 eoueertetiono
759 2522 936 2607 hominum,
965 2523 1019 2609 qui
1040 2520 1243 2605 oonteudont,

70 2657 130 2704 sos
154 2636 241 2703 ultm
261 2656 325 2705 uon
346 2638 532 2724 rediturum,
555 2638 670 2725 quique
691 2640 785 2707 modo
807 2659 879 2707 eum
895 2640 1076 2727 inproperio
1090 2639 1246 2706 insulem

70 2754 185 2839 nobis,
213 2758 382 2841 postquam
411 2754 451 2822 sd
480 2760 639 2843 speratam
668 2754 752 2823 diem
772 2757 907 2824 nuncius
927 2760 1033 2824 vester
1053 2776 1118 2823 uon
1139 2755 1244 2841 rediit,

72 2868 282 2957 affirmem
299 2871 382 2957 quod
399 2872 434 2939 iu
447 2890 564 2939 vanum
580 2892 669 2960 spem
683 2878 826 2941 noemam
839 2872 1060 2941 eonsumimus
1089 2872 1243 2959 Denique,

70 2988 138 3054 nisi
161 2987 247 3074 quod
268 2988 477 3055 oonsteutiam
498 2993 638 3056 saeuam
659 2994 725 3057 tam
747 2988 844 3057 ham
866 2995 899 3059 et
918 2988 1112 3059 immobilem
1126 2990 1247 3077 optime

71 3104 239 3189 dommus,
267 3110 316 3172 tot
343 3104 542 3192 opinionibus
571 3110 604 3173 et
630 3110 679 3173 tot
703 3106 893 3176 elamoribus
914 3105 1077 3175 hominum
1097 3104 1182 3174 flecti
1204 3106 1246 3173 ad

72 3222 331 3309 desperationem
350 3223 519 3310 potuimus.
554 3220 666 3290 Comes
689 3244 813 3310 quoque
827 3222 1064 3308 Heminaunus)
1086 3228 1153 3291 tom
1175 3223 1245 3289 diu-

70 3344 206 3407 turnam
227 3339 325 3407 vestri
347 3336 522 3406 absentiam
543 3338 679 3405 multum
700 3340 834 3408 moueat
869 3340 964 3408 Omni
979 3360 1054 3426 ergo
1069 3340 1244 3425 devotione,

71 3458 163 3524 omni
186 3455 290 3523 studio
313 3455 536 3543 paternitatem
557 3460 696 3523 vestram
716 3476 875 3542 rogemus,
898 3462 934 3524 ut
947 3457 999 3525 rel
1018 3458 1078 3525 boe
1090 3458 1159 3525 viee
1180 3462 1245 3525 sta-

70 3574 134 3641 tim
167 3578 243 3662 post
270 3578 413 3661 aooeptus
440 3572 562 3641 litteras
590 3578 716 3641 uestros
743 3575 847 3642 redire
873 3574 1053 3641 nuliatenus
1082 3572 1244 3660 differatis,

71 3688 188 3779 prooul
210 3688 304 3757 dubio
327 3690 475 3775 seientes,
507 3690 604 3776 quod,
633 3690 661 3757 si
683 3690 776 3757 modo
798 3689 931 3758 ulterius
952 3710 1074 3759 moram
1094 3691 1244 3775 feceritis,

72 3806 194 3875 amieos
215 3812 337 3875 uestros
359 3808 393 3875 in
415 3806 666 3895 desperationem
686 3826 751 3875 non
772 3807 930 3875 modicam
951 3807 1122 3877 oddueotis

76 4010 166 4083 103.
185 4012 344 4081 Wibatdus
356 4014 549 4081 Corbeiemss
562 4016 766 4081 emersionem
780 4038 870 4083 asom
883 4012 1246 4105 eupormeflayuooso

188 4121 391 4209 reprebendi.
1104 4117 1159 4203 (bi
1177 4118 1244 4202 86.)

164 4244 277 4313 Frater
296 4244 458 4315 Wibaldus
488 4245 549 4314 Dei
580 4246 683 4331 gretia
709 4246 907 4316 corbeiensis
935 4245 1032 4314 abbas
1060 4242 1183 4311 dilectis
1209 4243 1244 4311 in
1264 4251 1333 4308 1148

76 4360 202 4431 Christo
224 4362 374 4431 fratdbus
396 4362 434 4431 E.
457 4363 573 4451 priori,
594 4363 792 4447 A(delberto)
814 4364 989 4452 preposito,
1004 4359 1170 4446 Wisltero)
1192 4380 1244 4429 oa·

76 4482 212 4548 meraris
235 4478 369 4547 salutem
391 4486 423 4549 et
444 4480 700 4550 benedictionem.

119 4590 200 4673 dani,
215 4594 358 4641 sensuam
371 4596 389 4641 1.
998 4584 1032 4639 lt
