3117 4859
327 287 394 355 254
703 302 853 351 33333333
874 300 1040 351 nonnosi
1062 300 1114 351 333.

239 452 309 575 1143
327 446 492 534 postmodo
514 444 593 513 33314
613 444 761 531 13333313,
785 445 862 532 quid
884 445 990 513 tunc
980 466 1015 511 m
1038 464 1091 512 eos
1113 442 1312 511 moliebatur.
1384 440 1488 509 Neris-

250 542 416 648 ¹¹¹¹¹⁰sime,
434 582 505 631 cum
519 563 555 629 in
573 561 726 629 electione
741 581 911 631 consensus
926 560 996 629 fieri
1009 560 1187 629 nullatenus
1202 560 1370 647 potuisset,
1391 557 1489 641 grar‘s

326 680 487 747 sentencia
508 678 599 747 nobis
620 678 785 767 proposita
807 684 870 764 est,
893 679 991 765 quod,
1015 678 1043 745 si
1065 678 1145 745 hanc
1168 676 1403 745 denominatam
1425 694 1491 761 per·

327 817 437 865 sonam
463 816 527 863 non
552 795 754 880 eligeremus,
785 814 899 883 corpus
921 796 1092 864 venerandi
1113 794 1214 883 patris
1236 794 1340 861 nostri
1362 790 1493 859 Adelbe

325 914 413 982 ronis
436 912 575 996 abbatis,
603 912 689 981 beati
711 912 821 998 utiquc
844 913 932 981 senis
950 917 983 979 33
1005 913 1093 979 33134
1115 894 1270 979 memoria
1291 910 1326 975 in
1350 927 1429 996 pace
1451 913 1494 974 est

327 1030 412 1118 apud
436 1050 510 1114 uos,
539 1028 661 1097 313133
684 1028 836 1097 aecclesia
858 1030 898 1096 ad
920 1028 1141 1096 contumeliam
1162 1032 1305 1095 nostram
1327 1025 1393 1093 cito
1417 1023 1495 1111 aspi·

326 1166 477 1215 caremus.
511 1145 723 1214 Pollicebatur
748 1146 971 1213 nichilominus
994 1145 1078 1213 idem
1101 1163 1220 1227 comes,
1250 1145 1279 1211 31
1301 1142 1405 1211 trater
1426 1162 1497 1209 suus

327 1264 511 1349 eligeretur,
538 1260 638 1329 multo
666 1262 822 1332 adiutorio
857 1282 891 1331 33
921 1262 1089 1329 3333134133
1111 1258 1281 1328 adiuturum
1310 1264 1344 1327 et
1371 1260 1497 1327 tamin

326 1400 463 1469 persona
485 1399 543 1447 sua
565 1398 661 1465 qnam
681 1380 716 1445 in
737 1380 832 1447 rebus
855 1400 889 1447 43
912 1377 1046 1447 fideliter
1064 1382 1096 1445 33
1111 1377 1223 1461 deuote
1239 1376 1446 1445 serviturum
1459 1411 1496 1421 —

327 1496 417 1577 Quod
439 1496 574 1583 qualiter
595 1494 779 1584 expleverit,
801 1516 909 1563 rerum
932 1496 1035 1563 exitus
1057 1494 1284 1582 comprobarit,
1308 1512 1393 1579 cnm,
1419 1494 1497 1559 facto

327 1614 441 1682 abbate
468 1612 577 1681 eodem
605 1612 704 1680 fratre
733 1632 807 1698 suo,
842 1612 967 1680 assidue
995 1632 1068 1679 cum
1095 1630 1194 1679 uxore
1224 1615 1337 1679 suaet
1359 1610 1499 1678 maxima

326 1729 530 1797 multitudine
550 1750 646 1817 super
668 1750 742 1797 eum
764 1734 796 1795 33
818 1728 1001 1797 aecclesiam
1023 1728 1225 1797 incumbebat
1246 1746 1305 1795 nec
1320 1728 1416 1814 prius
1432 1745 1500 1794 cum

327 1845 502 1931 deserebat,
530 1866 624 1932 quam
647 1866 815 1931 33333333,
844 1844 883 1913 de
905 1866 968 1932 qua
990 1850 1056 1913 toto
1079 1864 1160 1911 anno
1183 1844 1323 1911 victurus
1348 1848 1432 1927 erat,
1458 1844 1499 1909 sic

326 1982 456 2049 prorsus
479 1968 726 2049 consumpserat,
750 1962 834 2049 quod
855 1982 914 2029 nec
936 1962 1028 2029 unius
1050 1980 1178 2029 mensae
1201 1980 1316 2047 panem
1336 1960 1499 2027 residuum

327 2079 357 2146 ei
385 2078 573 2147 dimittebat
598 2114 640 2127 ν-
669 2078 741 2145 Non
768 2080 876 2164 itaque
903 2085 969 2145 taur
999 2079 1120 2147 inducti
1148 2077 1197 2145 bis
1223 2076 1499 2164 promissionibus

327 2196 444 2283 quippe
470 2216 547 2282 quas
570 2214 668 2264 33333
691 2194 845 2263 33131333
869 2196 1122 2282 suspicabamur,
1152 2214 1248 2280 quarn
1270 2193 1418 2280 superati
1441 2198 1500 2261 ter·

326 2313 450 2379 roribus
474 2332 510 2379 ac
532 2312 627 2379 minis
650 2312 728 2398 eius,
751 2332 846 2398 quem
868 2311 970 2379 solum
988 2312 1164 2399 principem
1179 2317 1212 2377 et
1226 2310 1392 2377 dominum
1408 2328 1500 2396 super

326 2446 384 2497 nos
411 2429 657 2516 aspiciebamus,
687 2430 826 2495 maxime
858 2448 898 2493 ue
932 2428 1121 2495 contumelia
1149 2426 1318 2493 aecclesiae
1347 2425 1445 2494 lieret
1468 2428 1499 2492 in

326 2545 471 2613 defuncto
486 2550 578 2632 patre
591 2550 711 2631 nostro,
726 2546 774 2611 ita
787 2544 888 2611 coacti
903 2544 1035 2611 fratrem
1047 2545 1113 2611 eius
1131 2543 1282 2628 elegimus
1294 2578 1337 2591 ·-
1350 2564 1421 2610 non
1436 2541 1499 2609 ausi

326 2661 501 2746 dimittere,
530 2662 614 2748 quod
636 2661 807 2730 voluntatis
831 2661 897 2729 cius
920 2680 989 2727 case
1012 2661 1231 2749 perspeximus
1248 2697 1289 2706 -
1305 2680 1371 2727 non
1395 2666 1500 2728 tarum

326 2779 548 2861 communiter;
579 2779 655 2866 quia
681 2778 817 2867 predicti
843 2778 957 2845 iratres
979 2779 1014 2845 in
1035 2777 1283 2845 contradictione
1306 2798 1366 2844 sua
1388 2776 1501 2864 persti-

326 2900 434 2963 terunt
458 2900 506 2979 33,
529 2916 616 2979 cum,
641 2896 661 2963 3
682 2896 798 2963 domno
820 2915 894 2979 roge
915 2895 1067 2961 multum·
1090 2894 1187 2961 etiam
1208 2893 1308 2961 133133
1332 2914 1370 2960 ac
1393 2893 1500 2961 1333313

326 3012 472 3097 precibus
494 3012 665 3079 constricto
688 3012 871 3096 investitus,
902 3011 941 3079 dc
963 3010 1064 3079 Fulda
1085 3011 1213 3095 rediret,
1235 3009 1284 3076 illi
1307 3010 1500 3097 susceptioni

327 3126 394 3194 eius
409 3148 445 3195 se
458 3128 685 3212 subduxerunt,
710 3133 742 3195 et
757 3128 842 3214 quod
857 3128 1001 3195 electioni
1016 3129 1094 3212 eius,
1112 3148 1192 3214 quac
1207 3126 1384 3195 secundum
1399 3126 1500 3195 Deum

326 3242 412 3310 lacta
436 3264 502 3311 non
528 3249 611 3331 erat,
642 3245 819 3311 consentire
840 3244 1017 3312 noluerunt.
1108 3243 1197 3311 Unde
1219 3248 1252 3311 33
1275 3243 1422 3331 eosdem,
1450 3244 1499 3329 qui

327 3364 418 3427 erant
438 3380 569 3429 numero
591 3367 740 3448 quatuor,
766 3361 857 3428 uobis
879 3360 1074 3445 inconsultis,
1098 3380 1202 3429 comes
1225 3366 1258 3427 et
1279 3381 1381 3428 nouus
1406 3360 1499 3429 abbas

327 3476 544 3561 exiliaverunt,
567 3497 639 3545 cum
661 3478 790 3564 quidam
814 3498 854 3543 33
876 3478 931 3561 314,
955 3477 1032 3543 33314
1056 3476 1189 3545 eruditib
1213 3482 1245 3543 et
1265 3476 1400 3545 honeste
1418 3476 1499 3565 apud

326 3612 384 3659 nos
411 3595 602 3679 conversati,
630 3593 765 3659 multum
792 3594 922 3661 duobis
945 3594 1063 3661 fuerint
1085 3594 1191 3661 dilecti
1212 3612 1271 3661 nec
1294 3594 1365 3661 sine
1386 3612 1497 3678 magua

326 3708 434 3777 dolore
456 3710 522 3777 sint
544 3732 563 3776 3
584 3716 741 3778 conventu
761 3715 871 3777 nostro
894 3710 1055 3779 subtracti.
1099 3709 1260 3788 Quendam
1284 3730 1360 3779 vero
1382 3732 1423 3778 33
1445 3712 1498 3793 313,

327 3827 382 3912 qui
414 3827 607 3912 presentiam
640 3826 747 3893 domni
780 3847 882 3914 papae
915 3826 1185 3913 interpellaverat,
1219 3828 1387 3914 postmodo
1417 3828 1497 3895 idem

327 3941 460 4009 domnus
482 3942 649 4011 Heinricus
675 3943 761 4029 cepit
784 3948 816 4009 et
837 3944 872 4011 in
892 3943 1018 4011 vincula
1040 3944 1173 4011 coniecit
1199 3949 1232 4013 33
1257 3945 1343 4011 lame
1371 3965 1409 4013 ac
1434 3944 1496 4027 siti,

326 4058 444 4144 frigore
471 4079 509 4127 ac
536 4059 679 4127 nuditate
706 4058 948 4127 intolerabiliter
982 4058 1096 4127 afflixit
1129 4065 1160 4127 et
1194 4079 1252 4147 333
1280 4067 1347 4129 tres
1375 4079 1494 4129 menses

199 4224 202 4228 ν
328 4178 447 4247 carceri
468 4176 670 4265 manciparit.
717 4175 828 4243 Talem
849 4177 1013 4245 introitum
1035 4176 1146 4245 babuit
1167 4178 1202 4244 in
1223 4176 1394 4246 abbatiam

417 4293 517 4372 Quam
551 4291 672 4360 inutilis
706 4296 812 4359 autem
846 4292 942 4360 fuerit
974 4295 1009 4361 in
1043 4293 1194 4362 aecclesia
1222 4300 1333 4362 nostra
1359 4300 1492 4383 ternpore

400 4449 420 4482 a
440 4436 512 4483 multo
528 4455 548 4483 c.
610 4435 633 4482 b.
654 4434 713 4482 eruli
729 4452 748 4481 c.
