3117 4859
190 220 194 235 ¹
299 250 366 317 380
632 262 783 311 wmarmr
802 260 990 314 maronae
1009 259 1064 307 aaa
1082 259 1136 307 aaa

211 416 282 473 1150
299 416 387 478 tersa
416 406 574 493 quandam
603 405 769 492 parvulam
798 404 962 471 caritatem
989 402 1151 470 smotitati
1172 409 1298 472 vestrae
1322 402 1451 469 amani·

300 527 415 609 simus,
439 528 586 606 rogantes
609 528 642 589 et
663 522 697 589 in
719 521 855 589 Domino
878 521 1092 604 obsecrantes,
1114 525 1152 587 ιιι
1172 519 1318 588 benivola
1339 520 1453 586 mntem

299 640 478 727 suscipiatis
509 644 541 706 et
569 659 609 705 ex
632 659 670 705 ea
693 658 808 724 equum
829 637 942 735 saltem
964 636 1131 704 servientis
1146 638 1245 704 vestri
1266 638 1383 703 ferrare
1400 656 1455 702 non

300 757 455 825 abnuatis.
547 754 719 822 Honestam
748 761 781 821 et
807 753 875 820 Deo
904 753 1050 820 devotam
1078 773 1116 821 ao
1143 754 1292 821 dilectam
1319 752 1457 819 familiam

299 879 437 941 soonam
453 893 493 939 ex
508 872 657 958 obsequio
672 871 840 958 parvitatis
854 874 992 955 nostrae,
1007 870 1170 937 dominnm
1185 891 1311 957 qnoque
1328 875 1460 938 losum

299 986 547 1074 cancellarium,
572 988 707 1055 amicum
731 991 884 1071 nostrum,
908 985 1045 1053 salutare
1068 986 1250 1071 dignemini.
1320 988 1462 1055 &antem

298 1128 356 1194 pro
380 1106 470 1173 nobis
494 1106 695 1173 sanctitatem
716 1108 872 1188 vestram,
901 1102 992 1169 nobis
1018 1102 1154 1169 multum
1182 1104 1409 1188 necessariam,
1434 1104 1463 1169 in

297 1242 376 1311 paos
405 1228 437 1290 et
464 1222 673 1309 prosperitate
701 1220 846 1286 dominus
868 1218 954 1285 Dens
982 1239 1093 1285 sanam
1121 1224 1154 1287 st
1178 1220 1372 1288 incolumem
1399 1240 1466 1285 eon·

299 1340 393 1407 ducat
416 1343 448 1407 et
469 1338 600 1406 reducat
623 1342 654 1405 et
675 1336 808 1420 longevo
830 1340 973 1422 tempore
995 1336 1160 1402 custodiat

300 1572 387 1642 255.
408 1572 607 1641 Emeburdcs
637 1572 797 1657 episeopus
824 1569 1105 1656 Mekleabarpeasis
1132 1570 1273 1636 Ws‘batdo
1301 1571 1341 1635 de
1365 1583 1468 1635 mutuo

410 1692 489 1754 iuter
516 1712 548 1753 se
578 1711 683 1753 amore
709 1687 821 1753 scribit.
867 1688 904 1749 A.
929 1684 1045 1751 Ιὸιιονω
1072 1685 1130 1750 bos
1151 1686 1364 1774 perferentem
1391 1710 1469 1751 oom-

408 1805 540 1870 meuar.
1308 1800 1469 1883 (namo

209 1955 280 2010 1150
387 1936 523 2003 Domino
545 1956 620 2003 vere
648 1939 755 2002 sancto
786 1939 818 2000 et
846 1934 932 2001 omni
955 1934 1156 2000 veneratione
1181 1934 1276 2018 digno
1298 1932 1469 2015 Wtibaldo)

298 2052 480 2122 corbeiensi
503 2050 607 2118 abbati
629 2050 727 2116 frater
747 2045 988 2134 Emebardus‘',
1015 2050 1069 2117 ille
1096 2050 1225 2117 humilis
1247 2056 1280 2117 et
1302 2050 1470 2136 qualecun-

298 2190 358 2256 qne
380 2190 437 2234 vas
460 2169 494 2233 in
516 2167 608 2233 domo
630 2168 737 2251 magni
759 2164 1028 2253 patrisfamilias,
1054 2186 1127 2232 cnm
1148 2167 1307 2233 fraternae
1330 2167 1471 2234 dileetio

298 2286 348 2351 nis
371 2284 529 2370 obsequio,
553 2283 702 2370 quicquid
724 2287 830 2370 potest
850 2283 971 2349 sincere
992 2283 1107 2350 mentis
1129 2280 1261 2349 affectio.

390 2398 424 2467 Si
438 2400 519 2467 rivis
543 2406 574 2466 et
588 2399 674 2466 vales
698 2419 735 2466 ac
750 2400 921 2467 secundum
936 2399 1039 2465 Deum
1052 2400 1249 2486 prosperaris
1265 2400 1299 2465 in
1314 2399 1471 2483 omnibus,

299 2516 414 2601 gaudet
438 2518 560 2583 animus
583 2536 682 2600 mens,
706 2516 849 2583 exultant
863 2517 994 2599 viscera,
1016 2515 1111 2599 gestit
1132 2515 1271 2582 allectus.
1301 2514 1371 2600 Ego
1386 2517 1472 2583 enim

298 2634 399 2700 fateor
422 2638 454 2700 et
475 2634 542 2700 inre
565 2631 662 2699 debeo
686 2638 718 2699 et
738 2632 873 2700 libenter
894 2631 966 2698 volo
989 2637 1020 2699 et
1041 2632 1120 2699 bene
1142 2652 1271 2719 possum
1293 2634 1473 2700 sanctitatis

298 2754 372 2817 tuae
394 2769 560 2835 personam
583 2769 704 2833 amare,
728 2750 869 2815 virorum
891 2749 1024 2835 optime,
1048 2749 1123 2835 quia
1143 2749 1334 2835 parvitatem
1356 2770 1472 2835 meam,

298 2866 380 2932 sicut
408 2866 447 2933 ab
476 2886 530 2933 ore
557 2870 612 2932 tuo
642 2865 783 2953 accipere
811 2866 917 2951 potui,
945 2866 1042 2931 etiam
1069 2865 1230 2932 absentem
1257 2870 1290 2933 et
1314 2866 1473 2953 corporali

298 2982 399 3048 adhuc
420 2981 500 3048 facis
522 2982 714 3065 incognitam
736 2987 867 3069 propter
890 2981 1053 3068 quaedam,
1077 3002 1157 3066 quae
1177 2982 1236 3048 tibi
1258 2982 1298 3048 ab
1321 2984 1472 3049 amatori-

297 3097 355 3165 bus
377 3098 456 3165 meis
473 3098 512 3164 de
529 3118 579 3163 mo
595 3097 678 3164 bona
693 3096 888 3181 dicebantur,
912 3096 1078 3165 dilectione
1092 3104 1148 3164 tna
1162 3098 1292 3182 dignum
1307 3100 1471 3181 indicasti3

298 3218 330 3281 et
351 3219 530 3301 presentem
553 3219 663 3300 postea
684 3214 934 3299 familiariusque
957 3215 1115 3297 cognitam
1136 3214 1170 3280 in
1193 3216 1279 3281 omni
1300 3214 1387 3299 loco,
1415 3216 1472 3283 nbi

297 3350 354 3397 nos
378 3331 439 3397 dno
455 3330 620 3397 convenire
635 3330 806 3417 potuimus,
829 3350 927 3417 supra
940 3331 1025 3397 uires
1040 3334 1073 3396 et
1085 3330 1199 3397 menta
1212 3352 1284 3398 mea
1296 3332 1470 3399 honorasti.

297 3446 387 3514 Unde
405 3448 692 3515 desiderantissime
708 3447 902 3514 fraternitati
923 3453 997 3513 tuae
1019 3446 1059 3513 de
1079 3467 1152 3513 mea
1172 3446 1324 3515 fidelitate
1346 3449 1471 3515 indubi-

296 3570 401 3631 tanter
424 3570 566 3631 constare
588 3564 675 3649 volo,
705 3564 805 3650 quod,
832 3562 1010 3650 ubicunqne
1031 3582 1161 3649 possum
1183 3569 1216 3631 et
1236 3565 1311 3632 boni
1333 3566 1471 3632 nominis

297 3681 343 3747 toi
372 3681 489 3748 lamam
518 3702 631 3766 angers
660 3685 693 3747 et
720 3699 847 3747 cansam
875 3682 972 3764 tueri,
999 3680 1135 3748 libenter
1162 3682 1276 3748 faciam
1303 3687 1335 3748 et
1355 3682 1417 3748 feci
1438 3688 1472 3748 et

298 3798 412 3866 ιοιιιιὶι
439 3798 535 3880 laci03
566 3798 714 3883 quoniam
742 3796 861 3863 similia
887 3818 907 3863 a
933 3801 965 3864 te
988 3803 1146 3884 exspecto.
1236 3798 1397 3864 Domnum
1418 3798 1470 3883 A„

296 3914 491 4002 presentium
521 3914 707 4001 portitorem
735 3912 930 3997 litteramm,
964 3914 1124 3980 bominem
1153 3915 1231 3981 satis
1260 3912 1411 3981 afflictum
1438 3922 1472 3981 et

298 4030 451 4097 bonorum
474 4030 599 4097 solaciis
628 4030 787 4114 indigum,
816 4029 928 4116 pietati
949 4036 1073 4097 restrae
1103 4032 1253 4098 attentius
1276 4031 1470 4115 commendo,

297 4151 344 4231 nt,
367 4146 450 4215 siout
466 4146 711 4215 misericorditer
727 4166 800 4214 cum
822 4167 859 4214 eo
873 4148 977 4214 facere
991 4147 1132 4233 cepistis,
1154 4148 1200 4214 ita
1214 4149 1363 4234 usquein
1376 4148 1470 4215 finem

370 4301 391 4334 ι.
412 4288 483 4335 llmeli
499 4306 519 4335 c.

370 4376 395 4430 1.
413 4374 575 4431 Amoldnm.
647 4377 674 4431 2.
692 4375 840 4445 episcopus
856 4374 1122 4447 lleklsnburgensia
