3117 4859
395 237 543 286 onasum
564 237 752 286 memnones
771 235 897 284 seo.ss1.
1165 221 1231 288 56⁷

55 377 161 446 filium
176 384 320 446 nouum
334 378 557 463 Gterbardum)
572 379 740 446 ὤιιοιιιιιιι
756 377 949 446 cardinalem
957 375 976 464 ¹,
999 379 1054 464 qui
1070 379 1112 445 ad
1125 383 1232 466 partos
1260 385 1331 441 1164

56 496 225 562 Teutonici
248 496 337 579 regui
358 515 417 582 pro
440 495 630 564 utilitatibus
653 494 823 562 aecclesiae
845 515 866 562 a
886 494 979 562 nobis
994 495 1232 581 transmittitur,
1248 458 1339 507 rw

56 611 264 679 destinamus.
295 612 368 704 ‘Tua
389 632 463 697 ergo
486 611 611 680 devotio
633 631 706 678 cum
726 615 818 678 tauta
837 611 1014 694 gratiarum
1033 611 1157 678 acdona
1179 611 1233 678 be-

54 725 211 794 neficium·
229 728 315 796 istud
337 729 486 816 accipiat,
514 729 560 794 its
586 733 619 795 to
647 747 772 814 semper
799 726 928 794 exibeos
954 727 990 793 in
1015 732 1234 795 sacrosanctae
1332 733 1338 738 '

53 845 171 910 matris
194 849 267 910 tuae
288 843 428 912 Romane
450 841 619 911 aecclesias
633 843 836 912 veneratione
856 843 1040 928 ferventem,
1062 848 1100 910 ut
1122 848 1154 911 et
1174 863 1233 910 nos
1282 901 1290 914 .

53 959 119 1026 boc
139 959 281 1027 caritatis
311 964 344 1027 et
365 958 593 1028 benivolentiae
615 959 742 1043 signum
768 958 830 1027 tibi
850 958 1043 1043 gaudemus
1064 961 1232 1046 inpensum

53 1079 90 1141 et
113 1080 150 1140 tu
172 1076 213 1142 ad
235 1075 298 1142 alia
319 1075 470 1143 beneficia
490 1075 700 1162 promerenda
714 1075 802 1142 omui
815 1081 958 1162 tempore
971 1075 1087 1144 debeas
1101 1075 1232 1144 idoneus

52 1191 204 1259 inveniri.
239 1191 324 1259 Data
345 1189 495 1258 Laterani
519 1193 537 1258 7
562 1190 635 1258 Idus
657 1190 832 1260 Februarii.

53 1445 149 1518 431.
175 1449 344 1542 Greporiao
371 1451 451 1516 dioc.
478 1451 563 1516 cord.
588 1449 622 1516 S.
643 1450 756 1536 Aspeli
783 1449 924 1516 Weboldo
952 1450 992 1514 de
1019 1449 1113 1515 anolo
1140 1450 1232 1514 mireo

169 1567 331 1657 eipm'ſscot.
368 1567 491 1632 Ceteras
513 1567 758 1652 stanpensem
782 1565 947 1632 Gerbordo
968 1565 1069 1653 Ιιριιω
1091 1567 1232 1630 monreia-

169 1705 222 1746 eoo
244 1705 315 1746 esee.
1068 1677 1124 1762 (ld.
1140 1679 1231 1763 405.)

149 1812 319 1898 Gregorius
342 1812 403 1880 Dei
431 1813 534 1898 gratia
561 1812 711 1880 diaconos
739 1806 926 1879 cardinalis¹
947 1814 1120 1882 reverendo
1141 1815 1322 1882 tratri1154

53 1937 90 1999 ec
117 1930 261 1998 nomini
289 1930 389 1997 amieo
412 1927 583 2012 woocoo)
607 1927 786 1996 securene
810 1928 918 1996 ocae
939 1929 1073 1998 nouom
1095 1935 1142 2015 o,
1171 1950 1235 2018 qua
1256 1897 1322 1945 Μ’·

52 2047 155 2116 nichil
179 2051 227 2114 est
248 2047 362 2132 carius,
386 2047 559 2113 caritatem.

146 2162 228 2242 Quia
250 2163 333 2229 inter
356 2167 476 2229 ceteros
498 2161 589 2246 regni
612 2160 741 2228 abbates
758 2180 928 2247 personam
942 2167 1081 2229 umbem
1097 2162 1233 2248 quadam

51 2279 261 2369 prerogativa
283 2278 459 2346 dilectionis
480 2277 572 2344 nobis
593 2277 764 2360 univimus,
788 2277 829 2343 ad
845 2277 973 2344 bonoria
987 2279 1086 2345 vestd
1099 2278 1233 2362 gloriam

51 2402 90 2465 et
113 2395 346 2480 exaltationem,
374 2394 483 2461 divine
504 2412 562 2460 nos
585 2393 754 2459 comitante
777 2394 890 2477 gratia,
913 2391 1083 2463 efficaciter
1103 2413 1233 2481 operam

51 2513 211 2580 dedimus.
242 2511 400 2597 Equidem
422 2508 593 2576 secundom
616 2507 809 2575 desiderium
823 2512 964 2575 vestrm
987 2515 1020 2576 et
1035 2529 1145 2596 preces
1160 2531 1233 2598 per·

51 2649 168 2698 sonam
190 2633 329 2695 vestram
356 2630 457 2692 metm
479 2629 586 2691 vestra
613 2629 723 2690 sancte
744 2624 888 2691 Romana
914 2624 1065 2692 aecclesia
1087 2625 1155 2693 oleo
1177 2647 1232 2693 ex-

49 2745 219 2813 ultationis
244 2743 409 2826 exhilarat,
432 2739 624 2828 episcopalia
638 2739 727 2806 vobis
749 2741 889 2826 insignis
903 2741 1087 2826 concedens,
1109 2746 1145 2808 ut
1158 2762 1232 2809 vere

52 2861 253 2930 Stabuloneis
276 2859 402 2944 gemino
425 2856 589 2941 diguitatis
612 2861 726 2924 ornatu
741 2856 870 2942 fulgeat,
895 2857 1017 2924 obbatis
1034 2862 1066 2924 et
1080 2859 1230 2946 episcopi,

52 2979 111 3065 qui
140 2998 198 3065 pre
227 2975 423 3043 consortibus
452 2973 517 3040 suis
542 2973 726 3061 ampliorem
749 2974 862 3040 matris
883 2973 1000 3041 meruit
1021 2973 1229 3042 dilectionem.

50 3093 159 3160 Yseao
180 3098 272 3180 pater
293 3085 417 3158 nostcr⁸
440 3091 553 3175 sonuit,
575 3087 733 3158 Rebecca⁴
750 3095 856 3156 tamen
878 3089 1040 3156 ministrat
1061 3091 1100 3157 ei.
1134 3090 1230 3175 Agite

52 3211 164 3295 igitur,
187 3212 223 3275 ut
243 3211 346 3274 mear
368 3211 571 3291 recognoscat
593 3207 626 3273 in
648 3204 724 3291 fibo,
747 3225 805 3292 per
827 3205 912 3290 qood
927 3203 1010 3272 lilius
1027 3224 1229 3291 recognosce

52 3333 109 3393 tur
131 3345 151 3392 a
171 3324 290 3391 multis.
321 3322 463 3390 Anulum
477 3323 566 3390 vobis
580 3321 703 3406 legatus
719 3319 1008 3408 apostolicaesedis
1023 3321 1228 3408 Gerhtardus)

53 3443 207 3509 diaconus
236 3439 404 3506 cardinalis
432 3438 587 3526 portabit,
618 3438 672 3523 qui
694 3457 750 3503 voe
777 3442 868 3503 tanta
894 3437 998 3522 petia
1024 3439 1172 3507 investiet
1198 3446 1230 3507 et

55 3556 229 3645 apostolico
252 3555 426 3622 munimine
448 3553 618 3621 roborabit.
648 3551 713 3619 Noe
728 3573 803 3620 vero
823 3554 858 3619 in
872 3554 987 3620 vestis
1008 3555 1229 3643 oportunitati-

52 3676 115 3742 bus
138 3678 227 3741 tento
250 3673 419 3745 sollicitum
442 3690 511 3737 esse
532 3668 728 3756 perpendite,
752 3675 869 3754 quanto
893 3670 1055 3738 amiciciae
1070 3673 1173 3739 virtus
1194 3671 1229 3739 in

54 3809 153 3858 causa
186 3789 280 3856 amici
312 3809 374 3854 non
404 3791 509 3874 potest
538 3805 607 3852 esse
635 3785 748 3852 ocioso.
844 3785 893 3853 De
922 3786 993 3853 aliis
1020 3788 1228 3875 peticionibus

53 3907 171 3976 vestris
192 3905 315 3991 legatus
337 3903 427 3970 robis
449 3901 607 3968 iusticiam
630 3901 740 3986 faciet,
763 3901 852 3969 cuius
874 3901 1058 3971 discretioni
1080 3905 1227 3972 Teutoni·

54 4043 167 4094 corum
189 4022 355 4089 commisse
377 4023 452 4086 suut
472 4019 624 4102 regiones.
677 4055 679 4060 ,

127 4252 153 4308 1.
178 4250 207 4308 S.
224 4249 325 4307 itariae
347 4249 376 4304 in
398 4249 445 4305 via
468 4247 533 4304 lata.
622 4249 648 4304 2.
671 4246 700 4305 S.
723 4245 836 4318 Angeli.
942 4247 968 4302 a
992 4245 1157 4303 Anastasius
1177 4246 1227 4303 IV.

53 4343 83 4401 4.
102 4339 221 4399 ecclesia
237 4339 369 4396 Romana.
