3117 4859
408 302 557 353 wmsrmr
578 304 766 354 namneum
788 303 841 351 nr.
857 304 910 352 na
1145 352 1152 373 ,
1180 288 1243 355 193

75 443 164 529 sario,
188 442 257 511 eine
280 466 341 531 quo
364 446 501 515 militare
523 447 699 533 nequimus,
722 448 885 534 privemur
907 448 1056 531 subsidio,
1080 452 1112 515 et
1132 448 1243 515 domus
1263 452 1333 508 1148

73 560 145 645 Dei,
171 560 389 630 deficientibus
411 563 463 631 vel
484 564 635 651 dispersis
657 565 823 650 ministris,
845 565 952 631 divino
975 570 1083 631 careat
1104 566 1243 632 servitio.

78 774 159 845 118.
180 779 340 847 Ws'boldus
362 784 518 847 canonicis
540 782 1040 870 Padarbommsibas'reopoadet,
1066 805 1099 846 ac
1118 803 1179 868 pro
1203 783 1246 846 eis
1348 826 1355 840 .

182 896 371 963 Benoardo
395 900 537 985 episcopo
561 898 789 985 supplicacione.
1110 895 1163 978 (Μ.
1177 896 1244 979 98.)

158 1028 352 1096 Reverendis
385 1032 420 1096 in
447 1029 573 1098 Christo
602 1031 745 1118 patribus
777 1035 810 1097 et
837 1030 971 1097 dominis
1001 1031 1067 1097 suis
1093 1028 1333 1112 Wlinoni)1148

72 1146 245 1213 venerabili
264 1144 544 1215 Patherbomensis
568 1148 738 1215 aecclesiae
759 1148 874 1215 maiori
897 1147 1056 1234 preposito
1079 1152 1112 1213 et
1133 1148 1246 1214 1111111

72 1262 232 1330 eiusdem·
260 1263 430 1331 aecclesiae
457 1266 616 1332 canonicis
644 1266 742 1333 irater
765 1263 955 1347 Wtibaldus)
983 1262 1045 1330 Dei
1070 1264 1173 1348 gratia
1201 1264 1245 1349 id,

71 1380 155 1466 quod
179 1386 229 1447 est
250 1380 283 1446 in
307 1380 457 1448 aecclesia
479 1381 643 1465 catholica,
666 1382 774 1465 magni
796 1381 921 1447 consilii
944 1380 1099 1465 angelum.

159 1496 299 1563 Litteras
314 1499 529 1566 universitatis
544 1503 668 1566 vestrae
684 1499 872 1586 accepimus,
890 1498 1000 1585 plenas
1017 1498 1104 1564 anxii
1119 1496 1245 1581 doloris,

69 1612 183 1699 plenas
206 1614 359 1681 sollicitae
381 1616 559 1699 mestitiae,
587 1616 698 1702 plenas
721 1617 827 1700 grauis
850 1614 1010 1701 querelae,
1038 1636 1078 1681 ex
1100 1636 1136 1681 eo
1159 1614 1246 1679 vide·

69 1730 145 1797 lieet
168 1730 267 1816 quod,
296 1731 378 1797 sicut
400 1732 588 1819 scripsistis,
616 1732 738 1799 familia
760 1732 930 1800 aecclesiae
951 1738 1075 1799 1111111
1098 1731 1246 1797 indebitis

69 1848 288 1915 exactionibus
316 1846 467 1932 affligitur
494 1854 527 1915 11
554 1855 621 1915 tam
650 1850 691 1929 ad
713 1849 818 1916 Deum
847 1870 942 1935 quam
969 1850 1010 1915 ad
1032 1869 1088 1915 vos
1110 1847 1246 1913 clamare

69 1964 281 2051 compellitur,
304 1965 451 2051 quatinus
475 1966 520 2033 eis
538 1966 757 2033 auxiliatorem
772 1972 805 2032 11
818 1972 1029 2053 protectorem
1042 1964 1246 2052 provideatis.

68 2080 189 2166 blagna
210 2083 320 2167 utique
336 2081 510 2167 calamitas,
533 2082 740 2149 intolerabilis
756 2084 895 2167 miseria,
918 2102 1026 2150 carere
1040 2083 1075 2148 in
1089 2082 1246 2167 obsequiis

69 2198 189 2265 divinia
212 2199 388 2265 necessario
412 2204 444 2266 11
461 2200 630 2267 constituto
646 2200 803 2287 stipendio
819 2205 852 2266 11
865 2200 961 2266 tacita
975 2200 1054 2287 pati,
1077 2204 1113 2265 ut
1126 2199 1248 2266 familia

69 2315 243 2382 aecclesiae
265 2316 472 2402 opprimatur.
508 2316 563 2383 Set
584 2321 690 2383 vestra
712 2318 889 2384 constantia
910 2316 1055 2401 diligenti
1070 2315 1247 2383 comidera·

68 2432 158 2499 tione
181 2431 370 2517 precarebit,
393 2454 433 2499 ne
456 2434 490 2501 in
512 2432 592 2501 illud
613 2433 816 2521 propheticae
841 2433 1093 2520 exprobrationis
1110 2432 1248 2516 elogium

68 2549 234 2633 incidatis,
261 2568 322 2635 quo
345 2549 477 2617 dicitur:
508 2553 605 2618 Gnaeo
632 2556 710 2618 anati
736 2576 800 2618 noa
822 2553 955 2618 colentes
976 2545 1124 2632 lotrore¹3
1153 2549 1247 2614 item:

68 2669 147 2733 Noc
178 2668 355 2733 1111ηά11111
384 2692 422 2734 ec
450 2670 593 2751 udaeam,
622 2692 679 2735 aec
708 2671 894 2758 opposuictis
920 2692 1043 2733 mamm
1070 2689 1130 2755 pro
1156 2669 1247 2733 domo

68 2784 187 2865 Israel,
215 2806 272 2849 aco
300 2786 421 2851 stetistis
448 2788 482 2852 io
504 2786 607 2873 prelio
630 2788 664 2851 ic
687 2787 738 2851 die
760 2778 917 2851 Domiai².
961 2782 1005 2849 Et
1029 2802 1087 2849 nos
1110 2781 1247 2867 quidem,

68 2898 162 2965 filiali
191 2902 224 2965 11
250 2899 389 2967 fraterno
421 2900 534 2968 affectu
560 2901 674 2967 vestris
703 2900 857 2985 angustiis
886 2900 1127 2986 compatientes,
1156 2918 1248 2965 omne

68 3016 307 3083 incommodum
329 3022 471 3084 vestrum
494 3017 620 3083 domino
649 3023 681 3083 et
709 3018 794 3103 patri
819 3022 928 3084 nostro
951 3018 1098 3104 episcopo
1120 3036 1248 3101 sugges·
1288 3066 1291 3069 -

69 3134 184 3216 simne,
203 3132 416 3220 supplicantes
432 3139 465 3200 et
485 3134 647 3201 hortantes
663 3154 745 3218 eum,
768 3138 814 3219 ut,
831 3134 981 3221 qnoniam
996 3134 1104 3200 divina
1117 3133 1248 3217 largitas

69 3250 174 3315 multa
202 3249 237 3315 in
260 3270 296 3317 eo
324 3251 467 3338 preciosa
494 3270 627 3317 munera
654 3249 802 3334 contulit,
832 3270 892 3337 que
918 3251 960 3317 ad
982 3251 1194 3318 defensionem
1217 3256 1249 3317 et

70 3367 220 3433 decorem
242 3365 352 3433 domus
375 3366 436 3434 Dei
458 3373 591 3455 possunt
613 3366 773 3454 proficere,
801 3373 869 3434 tota
891 3368 990 3433 animi
1011 3368 1186 3434 intentione
1208 3367 1250 3433 ad

68 3482 288 3571 repellendam
309 3484 390 3551 hanc
412 3485 561 3551 iniuriam
584 3490 616 3550 11
637 3485 863 3570 protegendam
886 3485 1070 3552 aecclesiam
1093 3505 1184 3551 suam
1199 3505 1249 3550 as-

70 3606 234 3685 surgeret,
263 3621 326 3668 non
351 3601 496 3669 defuturo
520 3602 549 3668 ei
571 3606 698 3667 nostrae
721 3602 889 3688 parvitatis
911 3602 1042 3668 consilio
1066 3608 1097 3668 et
1119 3602 1246 3667 auxilio.

70 3714 170 3783 Vobis
194 3738 316 3803 quoque
339 3724 371 3785 et
392 3720 452 3785 toti
474 3724 601 3785 sauctae
624 3720 720 3784 matri
742 3725 868 3785 nostrae
891 3718 1156 3786 Patherbornensi
1179 3737 1248 3784 aec-

69 3833 187 3899 clesiae
208 3840 350 3900 nostram
362 3834 555 3921 facultatem,
579 3836 872 3922 quantulacunque*
888 3842 936 3903 est
951 3821 1072 3920 ingenii
1086 3841 1118 3901 et
1131 3854 1247 3917 rerum,

70 3948 207 4017 fideliter
230 3956 263 4017 et
283 3951 395 4018 devote
417 3952 578 4019 offerimus
601 3953 635 4017 in
657 3952 716 4019 hac
738 3954 942 4021 tribulatione
965 3959 997 4019 11
1013 3954 1047 4019 in
1067 3951 1163 4035 omni,
1188 3971 1248 4035 que

70 4088 126 4134 vos
151 4086 269 4134 vexare
292 4070 505 4155 temptaverit,
528 4069 692 4136 vobiscum
714 4070 945 4157 participanda
987 4069 1135 4136 Ceterum
1157 4073 1248 4154 pater

71 4190 102 4250 et
131 4184 280 4251 dominus
308 4192 414 4252 noster
441 4185 607 4273 episcopus
632 4186 672 4252 ad
695 4188 928 4271 suggestionem
949 4193 1092 4253 noemam
1113 4184 1248 4268 benigne

145 4350 167 4383 a.
187 4336 290 4383 eiusdem
306 4338 339 4383 tir
355 4339 437 4401 tegetur
452 4342 475 4383 ia
491 4338 544 4384 cod.
605 4336 627 4384 b.
649 4338 869 4399 quantulamcunque
885 4339 936 4385 cod.

145 4434 171 4486 1.
189 4432 309 4501 111156,
324 4434 366 4487 10.
437 4434 462 4488 2.
481 4432 582 4489 Enoch.
597 4434 640 4503 13,
651 4435 678 4489 b.

124 4528 205 4581 aens.
220 4532 364 4576 alanorum
379 4532 396 4576 1.
1000 4532 1034 4587 13
