3117 4859
379 314 528 363 wmsnnu
549 312 737 363 mroromn
759 314 899 361 ruo-nr.
1159 298 1222 365 181

74 456 149 529 110.
168 456 333 525 Heim'em
346 458 561 525 Romanorum
581 481 640 525 rec
659 458 802 526 Ws'boldo
820 460 934 541 emes,
956 482 989 525 ee
998 471 1131 547 propter
1144 458 1224 525 See·

169 598 277 641 cmm
298 575 486 643 discordiam
499 574 725 662 Noreoderpoe
745 598 809 639 oon
830 598 1018 641 marcomere
1052 574 1168 654 Monet,
1190 584 1225 640 et

168 692 220 759 de'e
247 690 266 757 1
296 690 380 779 Sept.
407 691 631 779 Ws'ree'eberyom
660 692 705 759 od
730 713 763 758 66
789 694 901 759 undat.
947 693 1045 758 Addit
1070 690 1110 758 de
1135 691 1225 757 eurio

167 806 432 895 omrem-
1084 804 1224 889 6666

145 938 337 1023 ll(einricue)
352 939 413 1007 Dei
428 939 531 1025 gretie
543 938 757 1009 Romanorum
772 962 829 1009 rex
839 938 1010 1025 Wlibnldo)
1026 940 1224 1009 666611066-
1240 950 1310 1005 1148

66 1057 175 1125 leiensi
197 1062 231 1125 et
252 1056 433 1125 Stebnlensi
454 1057 586 1124 intimes
608 1056 785 1125 dilectionis
806 1078 883 1125 suec
904 1057 1140 1146 plenitudinem.
1246 1026 1305 1084 Μ’

144 1173 328 1260 Discordia,
358 1194 419 1260 que
445 1193 546 1260 nuper
575 1175 608 1241 in
631 1173 747 1241 Snevie
774 1173 904 1241 suborta
929 1179 992 1261 est,
1019 1174 1223 1262 nproposito

65 1295 162 1359 nostm
183 1292 219 1359 in
241 1296 331 1379 perte
353 1310 412 1357 uos
434 1290 592 1359 declinere
614 1290 784 1379 compellit.
819 1291 898 1359 Gum
921 1292 1005 1359 enim
1019 1290 1222 1358 Nurenbsrrb

65 1428 177 1475 morem
197 1408 302 1477 fecere
323 1408 590 1497 proposuerimus,
615 1408 655 1475 ed
677 1409 907 1496 componendos
929 1408 1081 1476 tumultus
1105 1408 1222 1475 Suevo-

64 1544 127 1591 rum
148 1525 304 1594 divertere
320 1526 545 1615 compellimur.
579 1524 669 1592 Unde
685 1524 885 1593 dilectionem
898 1531 987 1592 tuem
1002 1546 1096 1612 quem
1110 1526 1229 1593 intime·

65 1661 211 1728 rogemus,
233 1648 271 1710 nt
290 1644 403 1737 eodem
425 1644 570 1727 termino,
594 1662 687 1728 quem
704 1640 906 1709 Nurenbereh
929 1641 988 1710 tibi
1010 1640 1193 1730 prediximus
1202 1638 1221 1730 ¹,

64 1756 252 1827 Winisberch
285 1760 376 1827 nobis
411 1778 572 1827 occurrere
601 1778 666 1824 non
693 1760 843 1842 graveris.
890 1757 979 1838 Quod
1007 1760 1036 1827 si
1061 1758 1131 1827 fieri
1157 1778 1221 1826 non

64 1878 168 1961 poteo,
189 1876 277 1942 omni
292 1876 453 1944 occasione
468 1876 653 1964 postposite,
670 1860 790 1942 curium
804 1874 1041 1945 Frnukenevort
1053 1871 1223 1944 indietnm'
1324 1908 1330 1919 =

64 1991 218 2059 nobiscum
240 1993 388 2061 celebres.
427 1992 539 2061 Cetera
559 1994 697 2060 nuntius.

68 2204 143 2275 111.
165 2207 336 2275 Foldsosee
356 2208 498 2277 Wr'boldo
527 2210 727 2298 responderet,
756 2234 789 2276 ee
817 2212 868 2276 dis
889 2212 924 2276 s‘o
946 2213 1011 2277 sice
1032 2212 1223 2277 1116616616-

164 2336 229 2390 tcto
252 2326 297 2391 od
318 2348 387 2415 eom
410 2348 584 2392 accerume
606 2350 677 2393 esee.
1083 2324 1138 2407 (M.
1155 2326 1223 2409 94.)

142 2456 314 2541 Wlibeldo)
342 2458 515 2527 venerabili
538 2458 735 2527 Gorbeiensis
764 2457 932 2527 eecclesiae
961 2459 1067 2527 obbeti
1093 2467 1312 2546 congre-1148

18 2658 21 2672 Ι
64 2574 139 2657 petio
159 2574 327 2643 Fuldensis
350 2575 497 2643 devotum
519 2596 633 2643 munus
658 2578 808 2644 orationis
831 2582 863 2644 et
885 2576 1069 2644 dilectionis.

141 2688 232 2759 Licet
253 2690 340 2760 mille
362 2694 518 2780 pressuris
542 2696 574 2760 et
595 2692 803 2760 incommodis
824 2694 858 2761 in
881 2693 1012 2761 urticulo
1034 2694 1126 2762 huius
1142 2699 1222 2763 tem-

63 2808 140 2893 poris
161 2810 262 2875 simus
285 2811 494 2895 conquassati,
516 2810 695 2878 litterarum
716 2816 824 2878 temen
846 2816 1021 2878 vestrarum
1042 2812 1223 2880 uisitatione

63 2921 225 3008 plurimum
248 2946 356 2993 sumus
379 2926 547 3012 consoleti3
576 2928 660 2995 unde
683 2948 722 2995 ex
742 2928 868 3014 integro
890 2928 992 2996 cordis
1015 2928 1128 2996 effectu
1149 2950 1221 3015 gre

63 3039 117 3106 tiss
137 3042 261 3127 egimus
283 3043 381 3110 robis.
416 3044 570 3132 Tempore
591 3045 675 3112 enim
695 3044 810 3113 litteris
825 3047 938 3113 vestris
952 3045 1044 3114 nobis
1059 3047 1221 3133 designato

64 3152 163 3224 libenti
186 3158 292 3225 animo
314 3159 404 3228 vobis
427 3180 590 3229 occurrere
614 3182 721 3229 snmus
744 3163 865 3251 pereti;
889 3168 920 3229 61
938 3162 1039 3231 61166
1053 3163 1141 3231 vobis
1155 3169 1221 3231 bn·

64 3270 122 3340 dite
141 3274 321 3362 prudentie,
346 3276 511 3354 consilium
534 3282 566 3345 et
582 3278 735 3346 auxilium
751 3280 918 3367 querendo,
940 3280 1032 3347 nobis
1055 3281 1221 3349 subvenire

64 3408 118 3455 non
132 3390 354 3477 dedignemini.
387 3394 453 3463 Nos
469 3396 585 3463 etenim
600 3414 721 3483 queque
735 3402 870 3485 peteme
884 3397 922 3464 de
937 3398 1102 3465 sanctitate
1116 3402 1221 3467 vestra

64 3524 226 3593 speremus.

68 3718 143 3792 111.
164 3726 370 3793 Berrubordos
392 3730 551 3815 epiecopus
574 3727 838 3795 Puderboroeoes's
857 3728 1033 3796 Wibcldom
1054 3741 1158 3815 repat,
1186 3741 1221 3795 ot

165 3843 327 3908 Gorbee'om
347 3845 469 3911 rediero
492 3844 579 3931 opud
599 3866 632 3909 se
655 3844 838 3910 decertator.
1080 3843 1218 3927 (1196.)

142 3972 368 4061 Blernherdue)
392 3975 498 4044 divino
519 3976 717 4065 providentis
736 3976 1054 4046 Petberburnensium
1075 3978 1220 4067 provisor
1238 3986 1308 4045 1148

66 4084 180 4157 humilis
215 4090 328 4160 dilecto
361 4093 395 4160 in
422 4092 546 4161 Christo
579 4096 671 4161 freni
693 4092 864 4179 Wlibeldo)
892 4094 1073 4163 corbeiensi
1100 4094 1218 4181 abbati,

68 4206 182 4293 orendo,
206 4210 368 4277 serviendo
392 4209 538 4297 quicquid
562 4210 714 4299 devotius,
738 4211 886 4299 quicquid
907 4216 1012 4300 potest
1032 4209 1164 4280 fidelius.

67 4346 238 4495 ’,(101Ἡίίίθὲ
248 4348 294 4407 dle
312 4351 327 4406 1
346 4348 422 4423 Sept.
439 4350 496 4409 vid.
514 4366 559 4421 ep.
573 4352 624 4407 106
642 4367 727 4423 supro
744 4368 771 4423 p.
786 4353 846 4411 183.
917 4354 944 4407 2.
967 4350 997 4407 in
1014 4350 1087 4409 diem
1103 4354 1122 4409 8
1140 4352 1218 4427 Sept

137 4452 148 4491 ι
240 4478 248 4495 .
