3117 4859
323 267 390 338 did
657 285 808 336 wmsnmr
827 285 1014 336 nannenus
1033 285 1087 334 aaa.
1103 285 1158 334 sat

198 431 287 553 In{126
324 430 433 516 quium
460 427 607 497 exhibere
634 429 812 517 cupientes,
839 427 880 496 de
905 428 1010 496 reditu
1037 433 1071 496 et
1095 428 1247 516 sospitato
1268 431 1383 493 vestra
1405 445 1490 512 quan

270 517 307 565 '¹⁸'
323 545 495 633 plurimum
516 545 699 631 gandemus,
723 551 755 614 et
777 545 819 612 cd
840 546 956 631 omnia,
979 565 1060 632 quae
1075 549 1182 624 vestra
1202 543 1386 632 paternitas
1408 542 1492 609 notia

322 661 534 749 mandaverit,
560 663 678 730 servire
700 663 805 750 parati
826 663 952 730 erimus.
998 661 1083 729 Dum
1104 662 1186 728 hanc
1205 665 1329 729 umam
1348 661 1387 726 in
1411 659 1492 725 cose

323 779 396 865 quio
418 779 508 864 regni
531 779 659 846 exiretis
669 774 686 864 ¹,
710 780 904 866 presentium
925 779 1058 848 latorem
1080 799 1152 846 cum
1173 777 1266 845 robus
1282 777 1352 844 suis
1368 782 1494 842 nasim

322 895 440 964 tutelae
462 897 656 964 committere
679 895 838 979 voluistis3
864 917 958 983 quem
978 917 1038 964 nos
1060 915 1132 963 eum
1154 894 1298 961 omnibus
1322 894 1394 960 suis
1415 893 1495 959 intra

323 1012 473 1079 terminos
496 1017 619 1079 nosnos
642 1017 675 1080 et
697 1017 788 1080 extra
809 1011 933 1080 illesum
956 1017 989 1081 et
1008 1013 1162 1080 intactum
1184 1031 1241 1098 pro
1257 1029 1367 1077 amore
1384 1017 1421 1076 et
1433 1029 1495 1076 me·

322 1129 425 1196 moria
446 1134 553 1197 vestra
580 1129 814 1196 custodivimus.
861 1129 924 1196 Sed
950 1130 1026 1195 dum
1050 1129 1084 1196 in
1107 1129 1241 1214 quodam
1263 1126 1334 1193 foro
1355 1147 1422 1214 pro
1444 1147 1496 1193 ne·

322 1245 417 1330 gotiis
444 1247 509 1313 suis
532 1251 632 1332 esset,
660 1267 764 1314 comes
788 1247 862 1313 0tto
883 1246 968 1313 hunc
988 1265 1174 1334 pauperem,
1202 1245 1293 1330 quasi
1315 1244 1337 1312 4
1357 1265 1423 1310 sua
1444 1243 1495 1309 ad·

323 1363 446 1430 vocatia
460 1363 638 1451 prodigum,
661 1363 908 1452 comprehcndit,
931 1363 1095 1446 coartavit,
1111 1361 1211 1428 donec
1224 1360 1334 1428 decem
1347 1361 1495 1428 marchas

324 1479 353 1546 ei
374 1478 535 1567 persolvit
580 1479 642 1546 Pro
665 1481 777 1566 quibus
801 1481 929 1548 domum
950 1499 1041 1547 suam
1063 1479 1219 1567 exposuit,
1242 1497 1338 1564 qnam
1358 1478 1398 1543 in
1420 1477 1495 1544 civi·

322 1599 389 1662 tate
416 1600 526 1662 nostra
553 1594 677 1680 habuit3
707 1617 803 1683 quam
828 1617 928 1683 usque
956 1597 997 1664 ad
1023 1596 1105 1664 hanc
1130 1595 1216 1662 diem
1236 1599 1495 1682 supercrescente

322 1710 429 1778 fenore
450 1711 606 1780 redimere
627 1733 691 1780 non
712 1715 825 1801 potuit.
856 1713 963 1780 Vestri
983 1713 1107 1799 itaque·
1127 1711 1295 1799 dispendia
1308 1714 1343 1778 et
1356 1711 1495 1798 dampna

322 1827 462 1911 graviter
486 1828 623 1896 ferentes
652 1834 685 1898 et
712 1830 746 1897 in
773 1829 833 1896 hac
854 1835 945 1917 parte
973 1849 1045 1898 eum
1072 1828 1229 1896 consolari
1254 1847 1321 1894 non
1342 1826 1494 1910 ments

321 1943 546 2030 paternitatem
573 1951 711 2013 vestram
739 1945 850 2013 devote
876 1966 1039 2032 rogamus,
1068 1951 1120 2031 ut,
1148 1943 1362 2013 consolatione
1388 1949 1494 2011 vestra

324 2065 462 2148 accepta,
479 2061 520 2128 ad
534 2082 591 2130 nos
607 2082 679 2130 eum
693 2062 807 2148 gaudio
822 2068 1014 2146 revertatur;
1035 2063 1109 2149 quia
1121 2081 1180 2150 pro
1194 2061 1375 2129 reverentia
1387 2065 1493 2128 vestra

323 2197 396 2244 eum
418 2177 575 2246 custodiro
598 2183 631 2248 et
651 2184 855 2247 manutenere
876 2201 940 2247 nen
962 2179 1157 2248 desistemus.

324 2391 413 2462 444.
431 2393 648 2460 Wioltmococs
670 2393 918 2484 archiepiscopus
934 2396 1208 2482 Mapdsccrpmo
1223 2393 1407 2482 Philippum
1430 2395 1492 2479 epl-

432 2533 559 2598 acopcm
583 2509 850 2599 Osccdnrqmsem
872 2513 1105 2598 Meracbcrpcm
1125 2520 1223 2576 cocat.
1328 2506 1385 2589 (Μ.
1401 2507 1491 2589 414.)

225 2639 296 2694 1156
411 2631 661 2716 W(ichmannus)
677 2634 737 2702 Dei
759 2635 864 2719 gratia
877 2633 1155 2719 Magdeburgensis
1177 2632 1348 2700 aecclesiae
1370 2633 1492 2699 utinam

211 2716 306 2760 ”mu
321 2768 385 2815 non
407 2749 554 2834 indignus
576 2751 721 2818 minister
737 2749 910 2839 Ph(ilippo)
933 2751 1165 2836 osenbrugensi
1187 2751 1336 2838 episcopo
1359 2749 1491 2817 salutem

323 2870 355 2932 et
375 2865 548 2934 internam
569 2865 776 2934 dilectionem.

411 2982 553 3049 Domnus
568 2981 756 3067 Wlibaldus)
781 2983 877 3051 abbas
892 2981 1089 3051 (lorbelensis
1112 3003 1206 3071 super
1226 2982 1426 3069 quarundam
1440 2983 1491 3049 de·

322 3099 475 3166 cimanum
496 3099 694 3186 repetitione,
718 3121 797 3186 quas
819 3099 881 3167 sibi
901 3100 1019 3168 iniuste
1035 3099 1155 3166 ablatas
1172 3105 1205 3166 et
1220 3099 1239 3166 d
1253 3099 1344 3167 vobis
1358 3100 1490 3166 detineri

322 3215 534 3301 conqueritur,
559 3216 578 3282 d
599 3215 713 3284 domno
735 3237 822 3305 papa
841 3238 893 3284 me
915 3218 977 3285 sibi
997 3217 1134 3284 iudicem
1154 3215 1305 3283 constitui
1321 3217 1492 3302 postulavit

323 3335 355 3398 ct
382 3331 527 3398 obtinuit.
572 3331 672 3417 igitur
699 3333 808 3400 domni
832 3355 934 3422 papae
956 3334 1104 3402 mandato
1127 3334 1249 3401 astricti
1271 3339 1321 3417 et,
1349 3334 1433 3400 sicut
1453 3353 1490 3400 cx

321 3453 430 3516 tenore
451 3446 628 3516 litterarum
646 3446 792 3517 suarum*
807 3451 940 3538 potestis
954 3470 1150 3535 cognoscere,
1172 3451 1370 3535 vicemalus,
1392 3451 1490 3538 ipsios

322 3565 518 3650 auctoritate,
541 3566 574 3631 in
596 3565 656 3632 hac
677 3541 773 3634 causa
788 3572 942 3653 gerentes
966 3567 1115 3652 quoniam
1129 3571 1254 3655 oportet
1268 3573 1302 3634 et
1315 3587 1431 3634 sanum
1444 3573 1490 3634 est

321 3701 378 3748 nos
402 3680 538 3766 obedire,
560 3681 770 3750 fraternitati*
784 3689 908 3752 vestrae
927 3683 1104 3751 mandando
1117 3685 1321 3771 precipimus,
1344 3685 1488 3771 quatinus

324 3800 367 3866 10
388 3796 546 3865 Kalendas
568 3795 749 3866 Februarii⁸
776 3803 969 3889 presentiam
990 3804 1127 3868 vestram
1155 3800 1246 3868 nobis
1269 3801 1304 3868 in
1326 3800 1488 3884 Mersburg

319 3913 507 3982 exhibeatis.
543 3913 591 3982 lbi
613 3915 769 4002 siquidem
791 3918 900 3986 domni
921 3916 1043 3986 abbatis
1064 3916 1241 4004 predictam
1262 3917 1486 4002 querimoniam

322 4035 355 4098 et
368 4036 508 4098 vestrum
530 4051 717 4119 responsum
740 4034 903 4102 audiemus
926 4040 967 4118 et,
990 4032 1148 4100 subtiliter
1170 4033 1244 4101 hinc
1260 4033 1382 4102 atinde
1395 4033 1485 4100 ratio·

321 4145 415 4213 nibus
437 4147 580 4233 cognitis,
603 4149 795 4235 aequitatem
816 4149 924 4219 iudicii
946 4148 1145 4216 diffiniemus.

394 4339 415 4372 a
434 4326 469 4373 un
485 4329 562 4373 rmum
578 4329 601 4373 a
616 4329 668 4375 aa.
730 4329 752 4376 e.
768 4329 908 4376 mameae
925 4346 944 4374 c.

394 4403 419 4457 1.
438 4417 510 4459 anno
529 4403 607 4460 1154.
679 4405 704 4462 2.
724 4421 767 4476 ep.
779 4406 833 4462 441
852 4421 935 4475 supra
952 4421 980 4476 p.
993 4405 1055 4462 674.
1126 4406 1153 4461 3.
1172 4405 1241 4460 1157
1259 4405 1317 4461 Ian.
1329 4405 1373 4462 23.
