3117 4859
412 947 713 1035 CATALOGUS
748 949 993 1036 ABBATUM
1026 949 1093 1034 ET
1129 949 1380 1038 FRATRUM

708 1091 1083 1178 OORBEIENSIUM.

311 1364 434 1454 Hotn
461 1389 595 1476 ootoiopi
617 1373 757 1477 priorem
786 1389 879 1456 bobes
907 1390 1070 1455 editionem
1096 1412 1165 1456 nnn
1186 1390 1245 1456 boo
1267 1393 1482 1478 inscriptione:

312 1505 529 1572 Cbronioon
561 1505 790 1572 Gorbeiense
820 1530 841 1572 o
862 1506 1029 1572 Meibomio
1053 1517 1127 1593 post
1148 1505 1328 1572 Widnleindi
1357 1509 1486 1574 annales

305 1621 544 1708 p.131-133
573 1646 654 1687 onno
683 1621 770 1688 1621
792 1621 931 1710 saetam,
960 1645 1055 1710 worn
1083 1623 1207 1710 quidem
1235 1625 1301 1688 eins
1327 1647 1424 1712 nepos
1453 1627 1485 1689 in

309 1737 429 1803 Rerum
445 1737 702 1804 Germanioontm
724 1749 805 1803 tomo
829 1739 852 1803 I
862 1761 897 1825 p.
912 1737 979 1802 755
991 1737 1101 1803 -757
1116 1740 1275 1803 renooocit
1289 1761 1370 1804 anno
1386 1739 1484 1805 1688.

309 1854 392 1920 Mibi
412 1877 483 1919 cero
507 1854 687 1942 opascnlnm
710 1856 810 1920 denno
833 1855 1061 1941 recognoscenti
1088 1877 1200 1941 enoprso
1225 1856 1400 1921 adiumento
1416 1855 1487 1943 fnit

308 1972 559 2036 menbranooens
582 1972 679 2035 roden
701 1970 774 2035 olion
792 1971 989 2050 Corbeiensis,
1013 1971 1067 2058 qni
1088 1970 1180 2036 bodie
1194 1972 1228 2035 in
1242 1972 1396 2036 tobniorio
1412 1971 1485 2038 Mo·

308 2088 490 2152 nosteriensi
516 2098 700 2168 maneatur,
729 2089 867 2173 sipnotns
898 2082 921 2150 Ι.
951 2083 991 2149 Α.
1018 2085 1096 2168 133,
1131 2087 1164 2152 in
1197 2089 1283 2152 cetina
1303 2085 1485 2175 sot.1-6

309 2204 441 2290 scriptor
461 2201 557 2267 medii
577 2203 672 2267 senti
693 2203 766 2268 XII
782 2203 836 2268 snb
861 2203 969 2268 abbate
992 2201 1131 2267 Wibobdo
1155 2201 1236 2266 buno
1258 2203 1391 2268 indicem
1414 2227 1486 2269 crem

311 2343 387 2385 earo
408 2319 519 2384 retulit.

399 2436 554 2501 Abbotnm
574 2434 775 2524 srotrnmqne
802 2423 894 2498 betisi
920 2435 1035 2500 subieci
1060 2433 1232 2499 seculorum
1260 2433 1333 2500 XII
1349 2447 1378 2502 et
1400 2435 1493 2504 XIII

311 2575 460 2617 monnone
487 2562 598 2616 notos
628 2549 896 2633 Corbeienses,
927 2574 965 2615 en
993 2549 1127 2616 eiusdem
1155 2551 1302 2616 tobetlorii
1324 2551 1484 2618 Monoste·

250 2655 254 2661 ⁸
309 2671 418 2735 niensis
441 2667 596 2733 derivatos
618 2667 722 2732 codice
743 2667 987 2750 membranaceo,
1011 2667 1155 2754 insipnito
1178 2661 1202 2732 Ι.
1223 2665 1294 2732 132.

403 2785 542 2850 Berobini
563 2781 673 2848 6Kat.
692 2783 837 2848 Octobres
860 2807 889 2848 o.
907 2781 1001 2848 1863.

221 2972 273 3026 822
399 2962 493 3028 Anno
517 2959 672 3027 dominice
693 2958 919 3026 incarnationis
943 2960 1018 3044 822,
1041 2957 1211 3028 indictione
1238 2961 1287 3046 15,
1312 2959 1484 3030 8Kaland

196 3045 293 3103 ωδ
311 3077 516 3165 Septembris,
540 3077 664 3161 Meris,
688 3077 843 3161 monaehi,
867 3078 921 3163 qui
942 3077 976 3142 in
999 3076 1067 3142 loon
1090 3077 1144 3163 qni
1160 3075 1264 3144 Hetha
1286 3076 1402 3143 dicitnr
1423 3098 1486 3164 per

310 3200 433 3282 septem
455 3214 554 3262 annos
576 3194 665 3280 prins
689 3193 949 3278 demorabantur,
977 3193 1051 3260 inde
1080 3193 1211 3277 egressi,
1241 3213 1313 3260 onm
1335 3194 1485 3261 eruoibus

311 3317 343 3380 et
371 3311 512 3398 reliqniis
540 3311 575 3376 in
602 3310 686 3377 hnno
712 3309 817 3377 losum
845 3315 1070 3397 pervenerunt3
1104 3309 1235 3396 locoque
1264 3309 1304 3376 ab
1332 3309 1485 3396 episcopo

309 3427 476 3495 Badnrado
485 3424 503 3513 ¹,
527 3429 581 3514 qni
603 3433 679 3495 tune
701 3448 832 3515 presens
856 3426 975 3512 aderet,
998 3425 1148 3493 Corbeiae
1170 3445 1284 3493 nomen
1307 3426 1485 3513 inpositum

310 3551 367 3614 est.
395 3545 570 3632 Ereotoque
585 3545 721 3612 tentorio
738 3550 833 3631 atque
846 3543 944 3610 illatis
960 3542 1103 3610 crucibus
1121 3563 1191 3608 enm
1207 3543 1359 3629 reliquiis,
1375 3542 1485 3610 locum

311 3662 534 3730 dedicaverint
553 3662 587 3728 in
607 3661 725 3728 honore
740 3667 773 3728 et
787 3661 913 3728 nomine
936 3660 1036 3727 saneti
1052 3658 1205 3746 Stephani
1225 3661 1483 3748 protomartyris,

309 3779 496 3847 mindientes
520 3798 644 3845 ornnem
667 3776 796 3862 Christi,
819 3777 873 3845 ubi
895 3796 979 3844 nuno
1001 3775 1100 3842 altare
1123 3797 1191 3843 esse
1214 3777 1397 3843 dinoscitur.

398 3896 540 3964 Domnus
562 3893 742 3962 Liudwious
764 3896 936 3981 imperator
959 3899 1119 3978 augustus,
1143 3891 1251 3960 Karoli
1266 3891 1374 3978 Magni
1396 3891 1483 3962 filins

308 4013 441 4081 tradidit
462 4011 645 4082 monasterii
666 4011 770 4079 locum
793 4017 825 4078 et
840 4009 961 4077 Huxeri
981 4029 1053 4077 oum
1068 4009 1212 4077 omnibus
1234 4009 1379 4076 terminis
1403 4012 1482 4097 suis,

310 4131 467 4199 Eresbnro
490 4135 521 4197 et
543 4127 704 4216 Meppiam
727 4127 917 4212 abbatiolas,
948 4133 979 4194 et
1007 4133 1111 4194 cetera
1132 4126 1244 4214 predia
1265 4127 1299 4193 in
1323 4127 1481 4213 aquilona

310 4247 435 4316 luditha
455 4247 643 4334 imperatrix
667 4244 839 4312 abeodem
862 4245 930 4312 viro
954 4265 1010 4312 suo
1033 4245 1111 4312 haee
1133 4244 1279 4330 optinuit

381 4381 407 4436 1.
425 4377 651 4436 Paderbomensi.
