3117 4859
395 321 544 370 πω
563 319 750 370 nnraronsn
770 319 824 368 aro.
840 321 895 369 ars.
1162 303 1230 372 445

57 481 206 550 puerum,
229 461 353 549 quando
373 462 407 530 in
421 463 471 531 his
486 463 599 532 studiis
613 463 756 532 indentes
769 469 858 530 mam
872 465 1080 552 eapsoitatem
1092 463 1229 531 instrw-
1238 468 1310 526 1160
1320 483 1354 519 οι
1366 495 1392 504 -

57 579 190 663 bamus,
218 583 256 646 ut
276 575 392 648 Latina
415 579 509 667 plane
530 579 721 666 intelligeres
744 585 884 648 streete
904 581 1079 668 proferres,
1108 599 1173 646 non
1193 541 1349 646 ntum

55 694 143 763 falsa
168 695 340 782 loquereris
370 702 424 763 sut
451 717 528 765 vers
555 702 665 765 conta
690 697 794 767 Deum
821 701 952 764 taoeres.
1003 696 1095 763 Nune
1121 700 1231 762 nostra

56 809 148 880 seols
168 811 228 880 hoo
249 809 423 900 profitetur,
446 813 505 882 hoo
527 814 632 883 dooet:
661 815 702 883 se·
722 819 820 903 sapt,
843 815 881 881 id
901 816 988 901 qaod
1007 818 1079 896 soso,
1102 816 1179 892 eoin
1202 823 1232 880 et

55 932 95 996 id
118 932 205 1016 quod
224 934 335 1012 nosos,
359 934 496 1018 inquiris
519 945 548 998 et
570 934 675 1013 diois,
698 932 733 996 in
754 930 805 996 his
827 929 1000 1014 dumtaxat,
1024 949 1104 1017 qnae
1124 928 1166 995 ed
1179 949 1230 995 re-

53 1045 210 1130 ligionem
232 1047 264 1113 et
285 1045 404 1114 enltnrn
426 1046 488 1114 Dei
510 1053 542 1115 et
564 1047 605 1114 ad
626 1047 804 1115 animarum
825 1045 959 1128 salutm
980 1045 1149 1133 pertinent.
1186 1043 1230 1112 Et

54 1161 148 1246 ideo,
174 1159 221 1230 fili
242 1162 424 1248 karissime,
447 1164 529 1230 siout
550 1163 656 1248 nobis,
678 1164 725 1230 ita
747 1168 779 1230 et
800 1163 859 1232 tibi
880 1163 1031 1248 fugienda
1052 1168 1100 1230 est
1120 1161 1229 1228 inobe-

53 1277 190 1363 dientis,
212 1299 252 1346 ne
273 1279 308 1345 in
329 1279 483 1364 regimine
506 1280 635 1350 alterins
658 1279 808 1348 eeclesiae
823 1280 876 1348 rel
896 1299 954 1347 nos
977 1280 1076 1347 nmns
1098 1279 1228 1346 adransi

52 1413 122 1463 non
144 1415 203 1484 per
224 1396 351 1482 ostium,
374 1401 429 1463 aut
450 1415 528 1482 grex
550 1397 658 1466 audiat
671 1415 780 1465 vocem
803 1395 907 1482 alieni,
930 1402 963 1464 et
983 1400 1092 1484 pastor
1114 1396 1158 1463 sit
1176 1395 1230 1461 fur

52 1515 90 1580 et
111 1513 250 1598 invasor,
273 1533 351 1599 grex
374 1519 478 1582 antem
501 1514 647 1582 seductus
669 1518 701 1582 et
722 1514 945 1601 prevaricator.
979 1512 1055 1598 Nos,
1077 1513 1112 1578 in
1130 1531 1228 1598 qnan-

51 1634 126 1696 tum
155 1629 311 1718 sapimus,
339 1630 373 1699 id
402 1633 486 1718 qnod
513 1632 628 1698 seimus
656 1631 789 1715 seimus,
818 1630 965 1698 videlieet
992 1629 1069 1716 qnid
1095 1628 1228 1695 domnus

49 1751 235 1835 papatem
265 1749 340 1815 viva
365 1767 441 1816 vose
470 1768 566 1835 quam
592 1747 707 1814 litteris
736 1747 776 1814 de
804 1746 915 1814 eodem
940 1746 1038 1814 serbo
1066 1745 1228 1812 nobiseum

51 1864 174 1949 egerit3
202 1870 234 1932 et
255 1864 376 1932 dooere
398 1864 627 1949 desideramus,
651 1864 727 1951 quid
748 1863 783 1930 in
803 1869 871 1930 tam
892 1863 990 1930 arduo
1011 1860 1139 1946 negotio
1160 1861 1228 1929 Deo

51 1987 166 2048 nostro
189 1981 232 2048 sit
251 1979 483 2068 beneplacitum
506 1987 539 2048 et
560 1980 654 2050 saluti
676 1985 803 2047 nostrae
821 1980 1019 2065 eonveniens,
1041 1984 1073 2046 et
1086 1979 1228 2064 nonque

51 2095 215 2183 eoelesiis,
244 2097 357 2184 quibus
381 2098 447 2165 iam
468 2116 532 2164 non
555 2095 726 2164 suffieimns
749 2097 923 2182 dosoris,
952 2093 1142 2184 profiounm,
1169 2113 1229 2161 neo

52 2213 96 2281 ab
118 2211 283 2282 hominum
304 2215 388 2282 veris
409 2214 553 2281 iudiciis·
575 2214 757 2282 abhorrens.
832 2212 889 2282 Set
907 2212 1052 2280 ridemur
1071 2211 1133 2279 tibi
1154 2230 1228 2278 eon-

51 2329 220 2417 orpisoero
246 2330 373 2399 divitias
402 2335 435 2398 et
460 2335 678 2419 paupertatem
708 2330 885 2399 abhorrere.
934 2329 1031 2397 iiiohi
1056 2327 1165 2413 erede,
1193 2327 1227 2393 in

51 2445 194 2514 Domino
221 2445 283 2532 iiii,
311 2467 376 2515 non
402 2449 451 2516 est
476 2467 602 2530 rernm3
631 2452 680 2516 set
708 2446 812 2514 Deum
839 2467 898 2534 per
920 2446 1006 2513 riam
1033 2443 1229 2512 obedientiae

51 2563 200 2631 invenire
222 2565 404 2650 satagimus,
428 2569 460 2632 et
480 2562 527 2630 ita
548 2563 725 2651 relinquere
747 2563 890 2647 alteram,
912 2566 948 2629 ut
969 2561 1062 2628 alteri
1077 2559 1228 2648 prodesse

51 2678 227 2747 valeamus.
262 2680 351 2760 Quod
372 2681 400 2748 si
419 2699 483 2747 non
498 2679 651 2768 presedit,
675 2677 788 2747 melius
805 2684 854 2746 est
867 2683 1035 2764 utramque
1048 2676 1227 2763 relinquere

53 2817 152 2884 qnam
173 2797 209 2864 in
229 2803 342 2866 nentra
363 2793 523 2886 proioere.
560 2794 748 2881 Magnetes
772 2800 821 2863 est
843 2799 876 2863 et
896 2814 917 2862 a
938 2794 1007 2862 Deo
1028 2794 1174 2882 petenda

54 3027 147 3100 316.
167 3029 363 3098 stabulenses
375 3029 515 3098 wiboldo
527 3030 720 3117 superdea,
731 3030 1226 3097 Mammdarteuesoemeos-

166 3148 286 3212 amtire.
321 3145 446 3227 Laiees,
470 3169 509 3211 ss
530 3147 742 3213 iuolmts'ms
756 3148 883 3238 ſseresat,
906 3145 1224 3213 mammantes.

167 3263 289 3344 Petam,
313 3273 348 3328 oe
368 3263 427 3328 rios
448 3263 614 3329 menies.
1062 3257 1117 3342 (Μ.
1133 3259 1225 3343 299.)

145 3393 282 3462 Domino
304 3399 336 3463 et
357 3394 443 3482 patri
465 3415 522 3462 suo
544 3393 718 3463 venerabili
733 3394 912 3462 Stabnlensi
935 3394 1041 3462 abbati
1054 3392 1225 3477 Wtibaldo)
1235 3400 1385 3456 115οη-

51 3514 156 3580 irater
169 3511 350 3595 R(obertus)
367 3515 399 3580 et
412 3515 480 3578 tota
495 3509 691 3579 stabulensis
707 3512 858 3580 ecelesiae
871 3511 1071 3597 oongregstio
1085 3510 1225 3578 debitam
1234 3473 1302 3528 ¹¹⁶¹
1312 3476 1345 3522 ἰ

53 3628 294 3699 subieotionem.

147 3743 373 3812 Sollioitndinis
395 3749 519 3812 vestroe
540 3743 635 3811 verbo
660 3746 798 3830 aooepto,
820 3743 934 3811 iratres
954 3743 1055 3811 nostri
1069 3741 1225 3810 Mairnun·

52 3861 219 3932 darienses
241 3861 276 3928 in
297 3861 383 3928 nullo
406 3861 426 3928 i
447 3859 538 3928 nobis
554 3859 749 3947 discrepant3
773 3879 848 3928 nam
862 3859 947 3928 idem
962 3861 1101 3948 sapimus
1116 3879 1224 3926 omnes

52 3985 86 4048 et
114 3997 179 4046 non
208 3977 343 4045 suntin
371 3977 460 4046 nobis
489 3971 662 4044 seismata¹.
703 3975 792 4054 Quod
824 3975 998 4044 sineeritati
1024 3975 1224 4066 paternitatis

52 4099 181 4165 restrae
211 4113 247 4161 eo
275 4093 487 4180 significamus
515 4092 680 4178 attentus,
710 4111 771 4178 quo
798 4113 960 4179 nunquam
988 4094 1008 4161 t
1034 4092 1225 4180 paternitate

52 4215 163 4283 vestra
183 4209 301 4298 divelli,
326 4231 388 4300 quo
410 4211 430 4281 t
451 4209 613 4297 regiminis
636 4209 733 4279 vestri
756 4209 972 4278 moderatione
992 4228 1152 4297 nunquam
1174 4228 1224 4277 re-

126 4370 148 4404 ι
169 4368 216 4403 non
231 4355 290 4404 add.
302 4355 355 4403 sod.

126 4444 154 4500 1.
171 4439 296 4501 Corinth.
308 4443 334 4513 l,
350 4441 394 4498 10.
