3117 4859
419 259 570 308 wmarmr
588 259 776 309 urrsrouan
797 259 820 308 e.
836 259 874 308 ro.
1191 243 1234 312 83

72 417 223 468 esseorum
249 404 432 468 nouorum
455 401 683 490 imperatorum
705 403 873 488 excedere,
901 403 951 470 ius
974 401 1123 472 eooleeiae
1146 403 1322 473 essi-11³⁷

71 516 171 584 nensis
192 515 234 583 sd
256 516 437 605 exemplum
458 517 586 586 illorum
606 519 641 586 in
663 519 750 586 nullo
763 519 900 587 inminui
914 521 1086 608 potiemur3
1110 542 1235 610 semper
1261 483 1309 531 Μ

71 633 150 700 euim
176 632 310 702 eeclesia
335 633 410 702 illa·
438 637 474 702 in
499 636 608 721 vigore
636 637 798 723 religionis
825 638 1002 726 permansit
1029 638 1235 726 omnibusque

71 749 167 816 forma
187 749 288 818 bonae
310 752 557 820 eonversetiouis
576 754 646 822 init
679 753 772 822 Unde
786 773 880 823 nosse
894 775 950 822 vos
964 753 1119 841 volumus,
1143 753 1235 842 quia*

72 865 216 934 domuum
240 864 405 936 abbatem¹
426 869 468 938 ed
488 890 546 938 nos
569 871 678 939 venire
698 872 842 956 fecimus,
867 872 915 939 ita
935 891 1063 940 eausam
1087 871 1236 940 eeclesiae

70 988 188 1052 restrae
206 983 345 1054 diffinire
350 997 372 1071 ⁶,
394 993 432 1054 ut
445 986 544 1054 niohil
556 987 714 1056 hlrertatis
728 1009 805 1058 suae
819 993 962 1077 tempore
976 994 1084 1058 nostro
1100 989 1234 1058 amittat.

71 1098 130 1168 los
155 1101 264 1188 itaque
285 1101 415 1170 interim
438 1108 470 1170 et
491 1123 615 1192 semper
638 1106 739 1172 nostri
760 1105 795 1173 in
818 1105 1012 1174 orationibus
1034 1107 1148 1174 vestris
1170 1126 1236 1173 me·

71 1237 168 1286 mores
183 1224 295 1304 estote,
312 1219 522 1308 impetrantes
543 1220 604 1288 hoe
625 1222 711 1310 apud
724 1221 838 1307 Deum,
857 1228 893 1290 at
906 1243 1018 1311 peeem
1032 1223 1149 1292 uostris
1163 1242 1237 1290 eon·

72 1335 157 1402 eedat
183 1336 390 1424 temporibus.
424 1336 549 1404 Salutat
569 1359 626 1405 sos
648 1338 765 1406 dileeta
786 1344 896 1407 nostra
917 1338 1082 1428 nyehyle,
1110 1359 1239 1408 oausam

71 1457 206 1520 vestram
227 1472 300 1522 eum
322 1454 409 1522 omni
431 1454 598 1522 devotione
620 1454 705 1543 apud
726 1476 784 1523 nos
806 1475 992 1544 promovere
1008 1462 1165 1542 sategere,
1188 1461 1239 1524 ut·

72 1588 127 1654 que
154 1569 279 1641 aotam
306 1589 402 1638 eausa
427 1569 600 1640 effieaeiam
627 1593 718 1640 susm
743 1571 859 1642 habeat
881 1573 967 1641 omui
989 1571 1154 1658 diligentia
1175 1571 1240 1642 ele-

71 1683 180 1754 borare
201 1686 333 1755 curabit

547 1796 761 1810 ,ῳ

77 1933 131 2006 10.
154 1935 328 2005 Ladmus
348 1941 519 2029 iaeopm
546 1941 687 2009 Widalde
707 1941 848 2026 mmdat,
870 1953 905 2007 ut
925 1941 1054 2008 Petrum
1076 1943 1242 2008 diaeum

157 2055 354 2121 θαείηαυαη
375 2057 420 2123 od
438 2081 472 2124 es
492 2054 619 2124 mittat‘.

16 2212 17 2221 ¹
156 2185 326 2255 Lothmius
353 2188 415 2258 Dei
440 2191 545 2275 gratis
570 2189 784 2258 Romanorum
810 2191 985 2280 imperator
1012 2197 1164 2276 augustus
1193 2189 1241 2258 (11.
1277 2201 1347 2258 1137

16 2296 17 2385 ἶ
73 2299 240 2371 sonam
273 2303 361 2372 reon
386 2327 443 2372 suo
473 2305 629 2375 enonas
658 2306 1020 2392 consurgeremus
1049 2313 1081 2376 o
1108 2307 1242 2374 noman
1258 2275 1359 2336 ΕΜ

73 2420 195 2509 imperii
216 2421 406 2490 eaueellario
429 2429 461 2490 et
482 2425 634 2508 magistro
657 2424 820 2513 capellano
843 2445 880 2492 eo
901 2424 1039 2513 prinoipi
1060 2424 1149 2513 pacis
1170 2445 1242 2510 gra-

73 2536 148 2605 tiam
170 2559 262 2605 suam
285 2544 318 2607 et
338 2539 454 2606 bonam
474 2538 680 2608 voluntatem.

16 2686 17 2730 2
158 2655 246 2722 Tuae
267 2653 415 2723 fidelitati
435 2677 494 2745 per
515 2657 694 2745 imperialia
710 2657 830 2745 seripte
846 2657 1044 2742 mandemus,
1066 2662 1102 2723 ut
1116 2663 1244 2724 nostres

16 2756 17 2843 ᾖ
77 2771 181 2839 olleo
208 2772 443 2840 conservandae
469 2772 806 2859 magestatiPetrum‚
838 2772 1041 2840 Casinensem
1067 2773 1243 2858 dissonum,

76 2890 126 2975 qui
153 2911 174 2957 e
200 2896 312 2957 nostra
338 2889 497 2978 imperiali
524 2891 694 2958 serenitate
721 2889 882 2975 logotheta
908 2888 1050 2975 italicus,
1085 2895 1243 2978 exceptor,

16 3060 17 3065 η
77 3007 260 3074 cartularius
283 3011 316 3074 et
336 3006 517 3094 eapellanus
539 3005 674 3073 Romani
694 3007 823 3095 imperii
844 3006 1033 3074 constitutus
1056 3011 1114 3092 est,
1141 3011 1245 3073 mans·

76 3125 198 3192 mittere
221 3123 365 3207 studeae3
392 3128 593 3211 recepturus·
615 3144 674 3211 pro
697 3144 772 3190 suae
795 3123 956 3191 fidelitatis
980 3123 1108 3191 servitio
1132 3122 1245 3208 dignae

76 3241 290 3311 retributionis
319 3241 504 3329 praemium.
543 3239 775 3308 Indubitauter'
798 3240 882 3307 enim
907 3239 1076 3325 noveritis,
1103 3245 1246 3307 nostram

16 3348 17 3441 ᾗ
77 3363 281 3444 magestatem
300 3362 334 3424 et
347 3355 542 3425 eollstmales
555 3357 683 3445 imperii
705 3361 837 3445 propter
859 3357 1063 3443 antiquitates
1086 3361 1118 3423 et
1138 3375 1246 3424 rerum

16 3454 17 3541 f
78 3480 234 3559 gestarum
255 3474 425 3542 relationes
448 3475 516 3541 eius
538 3473 669 3540 minime
690 3473 754 3540 frui
769 3472 912 3541 absentia
925 3473 1016 3541 selle.
1043 3471 1135 3540 Mitte
1150 3472 1247 3539 etiam

16 3586 17 3611 ³
78 3612 132 3679 per
154 3613 227 3660 eum
249 3591 357 3658 omnia
378 3595 549 3680 praecepta
571 3596 805 3658 antecessorum
826 3595 1024 3676 nostrorum,
1051 3609 1131 3676 quae
1154 3589 1184 3657 ei
1206 3587 1247 3655 ed

16 3740 17 3801 o
78 3708 184 3795 Aquas
200 3707 342 3777 Pensiles
365 3708 441 3775 olim
463 3729 521 3775 nos
544 3707 749 3775 eustodiendo
770 3706 896 3775 dedisse
918 3706 1129 3775 meminimus.
1163 3705 1249 3772 Data

16 3836 17 3859 ¹
79 3826 161 3914 opud
182 3825 367 3894 suburbium
390 3824 600 3914 Tyburtinum
622 3823 725 3913 pridie
746 3823 817 3891 Kal.
839 3823 996 3893 Oetubris.

16 4034 17 4051 ἶ
145 4049 432 4098 teduinimilhned.
493 4045 629 4110 tenea
690 4047 1066 4097 &volenteseaeodds'moidcm
1121 4043 1248 4092 &Indue

81 4123 1248 4191 fflpmdomMWaedediidtdmcdmnimnewwidCumis

81 4211 415 4260 lamdwlffld.
492 4209 574 4259 eale.
650 4203 1172 4258 tudanum-strenuorum
1196 4201 1248 4252 eod.

83 4289 202 4338 cnidi.

147 4386 174 4442 1.
196 4383 369 4460 Reyusldum
387 4383 625 4491 (Hetruriensem).
996 4477 1037 4538 6*
