3117 4859
390 266 539 315 wmsnm
560 264 747 315 mrsuonss
768 264 822 313 2³1.
840 264 893 312 aea
1161 245 1225 313 ccl

61 406 162 481 velere
188 425 383 477 eonsensum.
430 408 483 475 Ad
510 408 743 475 retormmdam
770 408 878 493 itaque
905 404 1090 492 religionen
1117 409 1151 472 et
1177 425 1228 471 re·
1254 408 1326 467 11⁶0

60 524 262 593 *curandum
290 525 380 611 regni
401 524 551 593 honorem
574 524 763 612 prefecimus
786 523 889 591 eidam
911 522 1103 591 monasterio
1124 522 1229 588 virum
1246 525 1335 575 lebat

59 642 269 711 rensnbilem
289 660 327 709 ac
348 640 531 727 rehgiosum
553 641 707 709 Eilulium
723 640 938 709 Erliaoensem
960 640 1116 724 abbatem,
1139 638 1229 705 cuius

55 759 219 827 annitente
239 759 396 827 industria
417 758 594 846 predictum
614 758 841 826 monasterium
855 758 894 825 ab
911 757 1050 843 antiquis
1065 739 1230 843 spurciciis

60 875 253 943 mundetur.
298 874 389 955 Quod
416 875 536 943 iactum
563 880 599 943 ut
628 896 647 941 a
668 880 793 943 rosnae
815 875 991 942 sanctitatis
1013 872 1230 941 benedictione

59 991 237 1077 roboretur,
265 996 386 1061 acne
414 992 570 1061 monendo
592 1012 756 1077 rogamus3
784 1012 844 1060 nec
865 990 1023 1059 inclinetis
1045 1010 1154 1057 aurem
1176 1008 1230 1055 ve·

59 1112 155 1175 suum
181 1108 361 1177 cursoribus
383 1107 448 1177 illis
469 1108 766 1196 pseudomonachis,
793 1110 850 1197 qui
871 1110 1056 1197 episcopum
1075 1106 1230 1174 Basilian-

59 1244 131 1309 sem,
154 1224 255 1293 nichil
277 1224 316 1293 de
337 1224 448 1293 eodarn
463 1226 590 1311 nogotio
604 1231 805 1311 tractantem,
828 1225 869 1292 ad
883 1230 1023 1293 vaduam
1036 1224 1229 1312 presentiam

59 1340 303 1429 appellaverunt
336 1341 465 1411 Etenim
486 1348 553 1409 tam
575 1343 762 1411 temerariae
784 1343 1023 1430 provocationes
1044 1346 1145 1409 totam
1160 1360 1230 1408 aec·

58 1456 265 1527 elesiasdcam
287 1457 487 1547 disciplinam
509 1460 695 1528 subvertunt
718 1466 750 1528 et
766 1479 892 1527 omnam
905 1460 984 1528 iuris
998 1458 1142 1526 ordinem
1155 1477 1231 1525 con·

59 1574 202 1643 fundunt
274 1573 424 1643 Pretoraa
445 1576 671 1645 sublimitatem
685 1582 825 1645 rosham
846 1577 959 1645 intime
971 1596 1130 1662 rogamus,
1153 1594 1230 1661 qua·

58 1691 139 1759 tinus
168 1692 327 1779 quendam
354 1692 489 1761 liberum
514 1694 677 1761 hominem
703 1698 848 1761 nostrum
870 1693 1036 1778 Ottonsm,
1065 1694 1120 1780 qui
1146 1690 1231 1779 apud

58 1813 193 1877 rosham
217 1810 439 1879 diserehomm
451 1810 623 1879 infamatus
638 1817 696 1896 est,
719 1811 803 1899 qnod
816 1811 981 1880 cuiusdam
995 1810 1104 1878 clerici
1116 1807 1230 1877 Wirci-

58 1924 231 2013 burgensis,
254 1926 392 1995 Conradi
414 1926 571 2013 videlicet,
592 1947 706 1994 nasum
728 1927 932 2012 truncaverit,
955 1926 995 1994 ab
1017 1924 1231 1995 excommuni-

59 2044 176 2111 catione
201 2042 321 2113 absolvi
342 2044 481 2127 faciatis3
505 2043 664 2130 quoniam
687 2043 727 2111 ab
742 2045 852 2113 eodem
866 2043 980 2111 clerico
1002 2064 1098 2131 super
1120 2042 1231 2110 eadem

59 2178 92 2227 re
110 2160 142 2229 iu
166 2165 279 2229 nostra
299 2161 388 2229 curia
408 2159 563 2249 pulsatus,
586 2160 702 2227 iudicio
716 2161 819 2245 gendo
835 2181 912 2229 suas
927 2165 959 2228 et
971 2165 1100 2227 nostros
1114 2160 1231 2244 curiae,

60 2276 139 2361 quod
152 2277 305 2345 innocens
320 2282 413 2362 esset
431 2276 669 2363 comprobavit
688 2275 748 2343 Cui
763 2277 880 2345 actioni
894 2276 978 2345 lilius
992 2283 1108 2363 vester,
1123 2280 1232 2345 noster

59 2393 163 2480 utique
188 2394 318 2479 amicus,
341 2391 444 2462 Gnido
467 2388 654 2461 cardinalis¹
675 2393 828 2461 interfuit

62 2656 144 2731 232.
175 2660 337 2729 ll's'boldas
358 2662 502 2752 Ecpeoio
523 2663 587 2730 II!
598 2686 708 2752 papae
731 2664 769 2728 de
793 2660 933 2750 Welt'oce
955 2672 1045 2749 capto
1067 2663 1231 2849 &masteng

1115 2768 1216 2833 .218.

142 2884 327 2953 Reverendo
350 2886 435 2973 patri
457 2906 514 2952 suo
537 2889 569 2951 et
591 2884 718 2951 domino
737 2882 906 2968 E(ugenio)
928 2883 985 2949 uni
1007 2888 1039 2951 et
1059 2881 1230 2950 universali
1250 2890 1320 3013 lii?

59 3000 200 3086 pontifici
220 3001 321 3069 frater
342 2999 531 3085 Wfibaldus)
554 3000 616 3069 Dei
638 3006 670 3067 et
692 3006 799 3069 vestra
819 2998 923 3086 gratia
944 3000 994 3086 id,
1021 2999 1105 3087 quod
1127 3005 1176 3067 est
1197 3000 1231 3067 in
1311 2997 1318 3014 '

61 3117 210 3187 aecclesia
231 3117 395 3204 catholica,
418 3120 581 3207 seipsum
604 3124 636 3185 ot
658 3138 716 3185 sna
737 3117 894 3185 uniuersa

144 3233 317 3323 Apostolus
333 3234 487 3303 lohannes
503 3236 594 3303 dicit:
610 3236 688 3303 Non
702 3236 873 3323 diltqaomre
887 3235 981 3301 corbo
994 3256 1094 3321 nepae
1109 3235 1230 3322 linqua,

61 3364 101 3417 eet
123 3374 218 3440 opere
239 3365 269 3419 et
287 3346 443 3419 amaa!
477 3351 543 3419 Nos
562 3352 670 3437 igitur,
691 3350 820 3418 illorum
840 3352 1002 3417 imitantes
1025 3349 1231 3435 diligantim,

62 3466 112 3551 qui
132 3486 237 3555 pauca
258 3466 345 3554 loqui
368 3473 400 3535 at
420 3466 515 3556 plura
535 3468 638 3536 facere
660 3473 906 3553 consueverunt,
927 3486 1001 3534 raro
1023 3472 1147 3535 vestae
1168 3468 1232 3535 cel-

62 3581 189 3651 situdini
217 3583 358 3651 studium
386 3604 423 3651 ec
445 3584 643 3653 devotionem
665 3590 808 3651 nostram
829 3586 914 3653 circa
934 3604 992 3652 uos
1014 3589 1047 3652 et
1068 3602 1231 3651 sacrosan·

61 3702 140 3767 ctam
167 3704 305 3769 matrem
330 3704 472 3769 nostram
498 3700 673 3768 Romanam
702 3701 886 3769 aecclesiam
914 3702 1129 3789 predicamus,
1159 3720 1231 3769 cum

62 3816 165 3884 buren
187 3817 361 3885 cottidiana
383 3823 415 3885 et
438 3818 565 3885 assidua
586 3818 738 3885 instantia
760 3818 904 3886 sedulum
927 3818 968 3885 ad
990 3819 1075 3886 beati
1091 3818 1178 3885 Potn'
1200 3823 1233 3885 et

63 3938 196 4000 rosham
228 3932 414 4002 fidelitatem
450 3934 615 4002 servitium
647 3933 796 4001 exhibere
832 3955 896 4002 non
928 3954 1103 4017 cessemus3
1137 3934 1231 4021 quod

63 4056 219 4134 prestante
241 4050 388 4136 Domino,
411 4055 535 4119 vestrae
557 4050 746 4119 nannoni
766 4071 826 4139 per
847 4052 926 4119 alias
949 4051 1138 4120 excellentes
1158 4070 1232 4137 per·

63 4182 151 4235 sonas
179 4172 289 4235 notum
319 4168 389 4235 lore
416 4188 480 4235 non
508 4167 697 4235 dubitamus.
790 4166 826 4235 si
852 4166 929 4255 quid
956 4186 1031 4235 vero
1059 4166 1231 4254 derebus,

130 4299 154 4356 1.
167 4298 238 4356 disc.
249 4298 323 4355 card.
334 4298 361 4356 S.
372 4300 474 4356 Manae
486 4298 515 4355 in
528 4298 651 4371 porticu3
665 4314 746 4370 quem
759 4298 848 4355 dissi
857 4298 931 4370 Aug.
942 4299 1012 4355 1149
1022 4300 1053 4354 in
1063 4298 1141 4355 curia
1147 4300 1232 4356 Fran·

64 4384 211 4446 cofurtensi
223 4386 318 4459 fuisse,
330 4389 412 4446 docet
424 4388 518 4446 tabula
530 4389 559 4445 in
571 4390 643 4447 lton.
656 4388 747 4447 Germ.
758 4390 844 4461 legg.
855 4389 891 4444 ll.
901 4389 962 4444 565.
1016 4390 1043 4445 2.
1057 4389 1177 4462 lloh.8‚
1188 4392 1232 4448 18.
