3117 4859
416 322 566 395 miserm
586 322 773 373 samsom
795 322 835 371 ss.
850 320 889 371 ee.
1173 304 1238 373 las

73 466 191 553 seripta
217 465 419 553 precipiendo
446 466 648 551 mandamus,
680 466 828 552 quatinus
856 471 889 533 et
914 464 1072 553 prediatus
1099 484 1236 551 manses,
1277 470 1346 527 114⁷

73 602 147 669 quoe
176 582 337 668 invene,
365 589 398 651 er
425 582 489 649 ane
515 582 629 651 ennae
656 582 762 651 aena
784 600 856 649 oum
875 582 1058 666 nasae
1078 582 1236 650 reesa.
1254 544 1370 593 “m

72 698 189 777 Quodsi
211 704 407 786 oontemptor
429 700 589 784 extitmis,
618 700 699 766 seire
720 703 753 766 te
775 698 935 783 volumus,
964 699 1039 786 quia
1060 699 1128 765 sine
1149 699 1239 783 gravi

72 814 211 882 vindista
229 836 296 882 non
317 816 554 903 preteribimus,
588 818 615 884 si
636 818 768 884 iteratus
790 814 909 883 elamor
931 815 972 882 ad
991 835 1051 882 nos
1074 834 1168 904 super
1189 815 1239 883 in·

71 932 153 998 iuria
173 932 318 1019 praeiere
338 934 526 1019 pervenerit

547 1042 760 1055 ———

72 1134 132 1207 46.
156 1136 325 1205 Haeduae
351 1139 519 1207 monaedes
543 1138 732 1207 &abulensis
752 1136 895 1207 Wiboldo
923 1139 1093 1230 eipnifiout,
1121 1161 1192 1205 eom
1218 1162 1240 1205 o

152 1277 248 1343 papa
276 1256 417 1321 abbatem
441 1256 650 1325 Corbee'eneem
673 1255 843 1342 probolam
865 1278 945 1339 esre,·
974 1255 1012 1321 de
1035 1255 1152 1321 duobos
1172 1278 1239 1319 mo·

157 1371 292 1437 eidam
314 1374 465 1437 coenobiis
481 1374 663 1459 petitionem
684 1373 718 1437 ia
739 1371 841 1436 medio
863 1371 1011 1437 relietum.
1100 1368 1154 1451 (Μ.
1171 1369 1239 1454 25.)

157 1501 426 1571 Reverenbssimo
458 1505 544 1592 pati
577 1525 634 1571 suo
668 1509 701 1571 et
731 1503 858 1571 domino
887 1501 1032 1571 Wibaldo
1062 1501 1241 1571 stabulensi
1293 1507 1362 1565 114⁷

72 1619 179 1687 abbati
202 1616 375 1687 Henrious¹
398 1640 527 1689 suorum
555 1620 696 1689 omnium
717 1616 884 1704 minimus,
910 1619 1058 1705 quioquid
1079 1620 1164 1707 patn'
1186 1582 1399 1689 de·¹’⁰⁶thum

71 1740 161 1803 sotus
186 1735 281 1803 debet
300 1735 394 1804 filius.

158 1850 311 1936 Litteras,
332 1858 424 1941 pater
441 1853 618 1938 karissim,
641 1852 817 1921 sinceritati
830 1856 956 1919 vestrae
969 1852 1141 1937 transmisi,
1164 1872 1241 1939 qua·

71 1968 156 2035 tium
186 1988 240 2052 ea,
272 1988 352 2055 quas
381 1970 465 2057 apud
493 1970 642 2038 domnum
669 1990 786 2057 papam
815 1970 946 2037 dnobis
969 1970 1077 2036 audita
1097 1970 1149 2037 vel
1170 1976 1242 2037 aeta

72 2090 154 2169 sunt,
179 2085 270 2153 vobis
293 2084 503 2170 significarem
525 2088 685 2171 abentius,
708 2105 772 2152 non
795 2086 879 2172 quod
900 2085 964 2153 alia
985 2085 1036 2153 vel
1057 2083 1171 2154 altiora
1191 2088 1241 2153 in·

71 2202 252 2271 bllsxerim
280 2199 331 2269 sel
358 2203 441 2291 quod
468 2202 539 2289 plus
567 2202 792 2287 laboraverim,
821 2221 916 2288 quam
942 2202 1004 2286 bii,
1034 2203 1090 2287 qui
1116 2202 1160 2271 ad
1184 2224 1242 2273 vos

72 2324 290 2403 revertuntur,
320 2320 373 2405 qui
406 2318 466 2386 toti
493 2319 591 2386 vestm
618 2324 707 2401 sunt3
742 2325 791 2386 set
817 2322 854 2385 ut
878 2317 959 2403 illis,
987 2338 1045 2406 pro
1074 2339 1109 2387 se
1134 2338 1242 2387 eoram

71 2436 160 2503 robis
189 2435 425 2520 assistentibus,
452 2456 517 2503 non
544 2435 667 2503 deesset
692 2440 801 2503 nosne
823 2454 899 2519 erga
919 2454 976 2502 vos
998 2434 1173 2503 devotionis
1195 2438 1243 2505 al·

71 2552 182 2621 laetus.
256 2552 369 2621 Tereia
389 2552 471 2620 feria
489 2556 687 2639 pentecostes
711 2552 797 2639 apud
818 2550 970 2619 Sanctum
989 2550 1179 2639 Dyonisinm
1201 2554 1243 2621 ad
1257 2574 1347 2623 rasio

73 2668 224 2737 domnum
246 2689 363 2757 papam
385 2670 600 2756 pervenimus3
623 2668 678 2737 ubi
699 2669 814 2737 domno
829 2663 1031 2735 oanoellario'
1046 2673 1170 2737 tantm
1182 2690 1242 2737 nos

73 2786 325 2873 presentavimus
359 2791 488 2873 propter
521 2786 691 2853 tumultum
724 2784 972 2871 permaximum,
1007 2786 1061 2870 qui
1086 2786 1121 2851 in
1154 2786 1242 2853 exitu

73 2901 183 2969 domni
203 2896 305 2987 ψ’
320 2903 404 2969 onos
425 2902 575 2969 domnum
597 2922 713 2990 papam
735 2902 854 2969 aderat
921 2900 958 2967 In
973 2901 1345 2989 mastinoautem,1n.11

75 3024 245 3105 antequam
267 3019 400 3086 domnus
422 3039 516 3106 papa,
545 3018 599 3105 qui
620 3016 740 3087 Meldis
763 3020 899 3087 mansne
920 3020 1128 3107 disposuerat,
1153 3039 1242 3104 egre-

74 3134 218 3221 deretur,
252 3134 367 3207 domno
400 3154 501 3223 papae
533 3154 591 3222 per
622 3135 844 3203 oaneellarium
872 3136 1046 3224 presentati
1074 3156 1183 3203 sumus
1210 3142 1244 3204 et

74 3251 208 3337 litteras,
233 3271 310 3336 quas
331 3252 616 3338 deportaveramus,
639 3251 792 3320 dedimus.
813 3261 815 3269 '
859 3252 936 3321 inde
949 3252 1070 3321 Meldas
1083 3253 1118 3319 in
1132 3252 1243 3338 quinta
1257 3272 1348 3320 rurs

74 3348 154 3435 feria
183 3368 393 3454 pervenimus.
484 3368 520 3437 In
546 3374 637 3435 sexta
657 3390 732 3436 vero
760 3369 842 3437 feria
863 3370 898 3436 in
919 3369 1112 3457 presentiam
1134 3369 1242 3437 domni
1258 3386 1348 3435 nure

75 3504 178 3572 papae
205 3487 239 3551 et
266 3485 484 3572 episcoporum
512 3490 544 3553 et
570 3484 777 3553 cardinalium
804 3487 950 3554 tandem·
972 3486 1094 3553 evocati
1122 3506 1241 3571 sumus,

75 3601 248 3688 premuniti
271 3606 378 3668 tamen
400 3602 420 3669 t
441 3602 554 3670 domno
569 3600 761 3687 Florentino,
784 3602 861 3689 quid
882 3602 1082 3688 loqueremur
1103 3602 1155 3670 vel
1170 3603 1241 3689 quis

75 3716 266 3804 loqueretur,
294 3738 375 3785 unus
397 3718 518 3787 seilieet
538 3716 785 3803 corbeiensium,
808 3740 940 3804 quorum
963 3738 1059 3787 eausa
1079 3718 1240 3803 agebatur.

77 3832 138 3903 Sed
169 3854 243 3901 oum
272 3833 353 3901 altor
379 3854 487 3902 eorum
514 3835 723 3923 impeditioris
750 3834 892 3920 linguae,
926 3839 964 3901 nt
989 3834 1102 3902 melius
1130 3835 1241 3919 nostis,

77 3956 161 4019 esset
182 3955 216 4019 et
237 3949 317 4017 alter
339 3972 448 4021 eorum
469 3952 546 4019 satis
564 3948 804 4037 infirmaretur‘,
827 3972 895 4036 ego,
918 3952 974 4038 qui
987 3971 1059 4019 oum
1073 3950 1241 4018 corbeien·

78 4068 162 4136 sibus
185 4068 275 4133 iussu
295 4072 400 4135 uestro
423 4069 566 4154 aderam,
590 4069 679 4155 quasi
701 4066 899 4136 Gorbeieusis
921 4087 986 4135 una
1006 4087 1079 4135 oum
1099 4068 1178 4154 ipsis
1199 4067 1241 4134 ad

145 4184 343 4317 imerius
360 4259 539 4318 stabulensis
557 4262 592 4318 V.
609 4260 683 4316 infra
699 4274 743 4330 ep.
756 4260 817 4315 311.
874 4261 901 4315 2.
920 4258 1048 4315 (luidoni.
1105 4260 1132 4314 3.
1150 4258 1239 4314 Ludo

79 4348 132 4403 viui
143 4346 199 4405 Vll
216 4348 290 4419 regis
306 4348 483 4407 Francorum.
539 4350 566 4405 4.
583 4350 620 4405 Hi
638 4348 693 4406 dno
711 4353 796 4424 arant
806 4347 964 4404 Waltberus
980 4347 1056 4417 prior
1067 4346 1240 4405 corbeiensis

80 4442 107 4493 et
117 4436 271 4495 Reiuberm
287 4441 460 4511 praepositus
471 4438 693 4511 liresburgsnsis
721 4438 755 4497 V.
767 4436 841 4495 inira
857 4452 901 4509 sp.
914 4436 967 4494 15⁰
981 4436 1019 4493 ed
1032 4435 1100 4492 114⁷
1110 4434 1183 4492 luni.
1195 4435 1239 4491 10.
