3117 4859
410 286 559 335 wmsnnr
579 285 765 337 semrom
786 286 840 333 rsa
856 284 909 333 ras.
1016 321 1018 328 .
1178 266 1245 337 303

80 421 167 495 183.
185 424 344 495 wibaldus
357 426 503 497 Rosea
528 432 669 519 episcopo
685 432 843 497 moderni
864 433 904 496 de
923 432 1031 498 betete
1050 433 1151 497 osae
1167 453 1243 518 pru·

187 546 247 609 aaa
269 547 342 632 opit.
374 548 487 634 Ropot,
511 559 546 612 at
568 548 628 613 litis
648 572 724 615 saco
745 548 974 635 componendos
996 548 1079 613 diem
1100 548 1245 613 etiosam

185 672 310 727 maa
1082 660 1138 743 (Μ.
1157 663 1244 744 149.)

46 819 49 824 ·
163 792 346 861 Rmerondo
373 796 457 881 patri
484 816 540 862 suo
569 802 601 863 et
627 797 753 863 domino
781 796 955 879 Hteinrico)
978 796 1149 863 venerabili
1177 796 1332 882 epi-1149

73 928 170 997 scopo
193 908 366 978 blindansis
393 911 542 979 ecclesiae
563 913 662 980 freter
677 910 865 997 wiboldus)
887 912 948 979 Dei
970 912 1073 997 gratia
1092 913 1137 997 id,
1160 912 1245 999 qnod

73 1032 122 1093 ost
143 1026 180 1093 in
203 1027 335 1094 ecelesia
351 1028 514 1115 catholica,
538 1030 667 1115 exiguas
683 1030 839 1097 orationes
859 1035 892 1096 et
907 1030 1055 1097 devotum
1069 1031 1242 1097 servitium

163 1142 292 1211 Gratias
324 1144 488 1211 rderimm
516 1152 640 1213 vestrae
672 1146 866 1231 celsitudini,
899 1147 983 1232 qnod
1010 1166 1069 1235 per
1095 1146 1245 1213 dilectum

71 1260 206 1327 fiatrem
228 1266 371 1328 nostrum
393 1262 580 1347 magistrum
594 1262 628 1329 0.
653 1268 684 1329 et
704 1284 763 1350 per
784 1262 907 1329 litteras
921 1268 1045 1330 vestrae
1067 1262 1244 1331 dilectionis

72 1378 281 1462 exiguitatem
308 1382 449 1445 nostram
471 1379 633 1447 visitastis.
679 1379 759 1458 Quia
785 1380 869 1446 enirn
891 1380 930 1446 do
951 1380 1063 1464 verbo,
1091 1380 1175 1466 qnod
1197 1384 1246 1446 est

70 1495 157 1561 inter
179 1514 249 1579 nos,
272 1494 399 1562 solliciti
419 1495 546 1581 inimus,
571 1501 602 1563 ot
621 1496 776 1563 sinceram
791 1498 946 1563 internos
962 1516 1030 1563 esse
1045 1495 1244 1563 dilectionem

70 1632 169 1697 qnam
198 1611 329 1678 alicuius
356 1612 530 1679 discordiae
556 1632 671 1681 nevum
692 1618 947 1700 preoptaromns,
974 1614 1135 1700 proxime,
1163 1614 1246 1679 sicut

69 1728 249 1815 paternitas
277 1732 383 1795 vestra
414 1728 611 1813 recordatur,
646 1749 703 1815 per
730 1729 858 1797 tratrem
887 1736 1031 1797 nostrum
1058 1728 1092 1797 G.
1121 1729 1244 1797 litteras

70 1852 200 1912 vestrae
221 1846 395 1912 sinceritati
416 1846 598 1930 direximus,
624 1846 659 1912 in
682 1845 794 1931 quibus
816 1842 876 1913 hoc
897 1852 1019 1915 vestrae
1042 1846 1245 1913 excellentias

70 1961 262 2049 optulimus,
291 1967 341 2046 nt,
365 1963 514 2048 quoniam
536 1962 655 2028 domini
676 1963 776 2029 nostri
804 1963 943 2050 episcopi
964 1961 1245 2030 Potherburnensis

70 2082 103 2144 et
116 2076 389 2163 llonasteriensis,
412 2077 583 2146 maioribus
603 2079 736 2146 forsitan
759 2079 862 2145 causis
884 2079 1040 2167 impediti,
1062 2081 1104 2147 ad
1118 2085 1245 2147 nostrae

69 2214 188 2261 causae
214 2194 473 2283 compositionem
496 2195 602 2261 venire
630 2194 834 2281 distulerrmt,
864 2216 921 2263 nos
943 2196 1033 2264 vobis
1059 2196 1177 2284 absque
1199 2198 1245 2264 eis

68 2309 139 2379 loco
164 2316 198 2379 et
219 2316 376 2398 tempore,
403 2332 463 2397 qno
486 2316 608 2379 vestrae
631 2312 805 2397 dignationi
826 2312 1045 2400 complaceret,
1068 2333 1245 2381 occurrere·

68 2446 152 2493 mus.
190 2425 227 2493 In
249 2426 308 2495 hac
329 2428 484 2515 peticione
505 2448 752 2516 perseveramus,
776 2435 809 2496 et
829 2435 866 2495 ut
887 2428 971 2496 diem
993 2428 1160 2515 stlocum,
1183 2450 1245 2515 quo

68 2544 162 2611 vobis
187 2550 340 2630 oportune
362 2550 395 2611 ot
415 2548 482 2611 tute
504 2546 660 2630 possimus
683 2566 856 2630 occurrere,
878 2545 969 2612 nobis
992 2546 1173 2630 designetis,
1195 2546 1244 2612 in·
1325 2572 1328 2579 ·

69 2666 197 2728 stanter
217 2658 423 2748 postulamus.
454 2660 563 2729 Parati
581 2663 664 2731 enim
680 2684 798 2748 sumus,
821 2662 903 2730 sicut
917 2662 937 2729 1
950 2662 1107 2749 principio
1122 2668 1245 2728 vestrae

69 2776 328 2845 commonitionis
349 2776 435 2865 loqui
457 2780 683 2864 consuevimus,
709 2779 921 2846 innocentiam
943 2784 1084 2846 nostram
1105 2780 1140 2845 in
1161 2779 1245 2846 facto

68 2900 183 2962 nostro
198 2893 287 2961 vobis
309 2894 483 2980 ostendere,
507 2916 601 2981 quam
623 2896 722 2963 sicubi
744 2897 850 2963 minus
865 2895 1004 2963 valemus
1019 2895 1244 2981 demonstrare,

68 3016 138 3077 tam
161 3011 253 3078 vobis
280 3031 375 3096 qnam
396 3010 545 3079 ecclesiae
565 3018 689 3080 vestrae
712 3013 751 3079 ad
774 3032 900 3080 omnem
921 3012 1080 3079 iusticiam
1101 3012 1244 3079 volumus

69 3127 266 3195 satisfacere.
297 3125 390 3194 Diem
414 3127 579 3213 stlocum,
603 3150 663 3215 quo
687 3135 760 3217 apte
783 3136 815 3196 et
832 3150 940 3196 secure
954 3130 1111 3217 possimus
1126 3131 1243 3214 venire,

69 3242 104 3311 in
126 3248 237 3311 vestra
264 3242 461 3310 ordinatione
486 3246 641 3332 ponimus.
686 3244 768 3313 Nam
791 3246 1010 3313 necessitatem
1033 3252 1066 3313 et
1087 3266 1165 3333 quas
1187 3267 1244 3334 pa-

68 3361 173 3427 timur
194 3360 356 3445 angustias
379 3364 411 3426 et
431 3366 556 3447 partem
576 3362 788 3448 periculorum
810 3369 989 3430 nostrorum
1004 3363 1126 3448 legatus
1141 3369 1245 3431 voster

69 3476 218 3545 occulata
238 3476 300 3544 lide
322 3476 399 3544 satis
421 3476 586 3544 intellexit.

74 3690 170 3762 184.'
189 3692 293 3759 Gadda
316 3694 499 3776 cardinalia,
523 3718 540 3759 e
561 3692 695 3759 Polooia
716 3717 865 3777 roveraso,
888 3694 1063 3762 Wsdoldam
1084 3698 1118 3762 a'a
1141 3696 1243 3763 Saso·

186 3811 273 3874 mom
295 3822 391 3875 cocat
1081 3808 1244 3894 (11165.)

163 3930 292 4016 Gluido)
307 3931 369 4000 Dei
390 3933 493 4017 gratia
513 3940 639 4001 sanctae
653 3932 813 4000 Romanae
829 3934 997 4003 aecclesiae
1011 3936 1160 4003 diaconus
1176 3956 1244 4002 car·
1282 3940 1351 4025 1149

72 4044 207 4116 dinalis'
230 4054 263 4117 et
290 4048 479 4136 apostolicae
508 4049 592 4118 sedis
620 4050 742 4135 legatus
769 4052 942 4119 venerabili
964 4054 1056 4120 fratri
1072 4050 1242 4137 W(ibaldo)
1261 4012 1370 4060 mm

72 4166 182 4233 abbati
207 4164 386 4233 Stabulsnsi
408 4166 542 4234 salutem
564 4172 597 4233 et
618 4166 826 4241 dilectionem.

164 4281 369 4351 Fraternitati
404 4290 527 4392 vestrae
559 4284 757 4370 presentibus
791 4284 918 4371 seriptis
947 4282 1108 4351 notificare
1136 4285 1242 4353 decre·

146 4406 171 4461 1.
191 4403 334 4462 &itariae
351 4406 380 4461 in
398 4406 516 4477 portion.
540 4406 574 4463 V.
587 4420 631 4477 ep.
645 4408 695 4463 121
714 4422 799 4476 supra
815 4422 844 4477 p.
858 4407 911 4462 loo
927 4407 993 4462 ns.
