3117 4859
388 253 692 306 omosoomnus
712 253 935 306 oonaururoara
1201 239 1246 308 49

76 391 268 481 amanet
297 396 380 464 siout
406 403 439 465 at
461 397 598 466 Thomas
626 393 814 466 cardinalis¹
835 397 870 464 in
898 395 1032 466 oonfinio
1053 397 1336 468 landemarus

75 511 212 580 amatis
240 511 277 580 in
302 533 413 602 eampo
435 515 493 582 sub
516 515 589 582 divo
610 514 850 599 miserabiliter,
878 515 952 600 quia
974 519 1007 582 at
1028 514 1188 602 insperata
1210 535 1248 584 ao
1263 477 1338 526 om

74 627 133 696 bau
154 629 331 716 subitanea,
353 651 374 698 a
395 651 456 718 quo
478 631 564 700 idem
586 628 698 700 abbas'
714 637 763 698 ast
776 630 947 719 depositus.
981 630 1127 718 Reliquid
1142 637 1248 700 autam

74 750 106 814 et
132 744 296 814 abbatiam
321 753 355 815 at
375 748 608 835 preposituram
628 747 723 814 rebus
746 748 852 834 pastui
874 748 1030 816 habilibus
1052 749 1247 836 permaxima

74 867 264 948 attenuatas,
288 864 365 932 adeo
388 869 479 932 utet
500 865 555 931 vix
576 864 690 932 fratres
712 869 975 950 sustentarentur,
998 865 1073 952 quia
1087 870 1119 932 at
1133 864 1247 932 debitis

75 985 107 1048 at
126 982 258 1048 statutis
279 1001 338 1068 par
359 981 461 1049 multa
482 980 647 1063 aarebant3
670 985 720 1048 aet
741 986 773 1048 et
794 980 853 1048 beo
866 981 1000 1049 nimium
1015 1001 1133 1066 angens
1147 981 1247 1049 lamas

76 1094 238 1182 eleana,
268 1118 330 1184 qna
353 1118 435 1185 pene
457 1104 490 1165 at
510 1099 614 1164 totum
634 1097 788 1164 mundum
810 1097 1082 1167 vehementissime
1104 1098 1245 1182 urgebat

76 1211 146 1300 lpso
169 1235 254 1282 anno
277 1214 425 1282 obierunt
444 1212 678 1302 liupprandus,
702 1215 757 1300 qui
778 1219 811 1282 et
833 1235 977 1283 aamerae
998 1215 1133 1282 fratrum
1148 1221 1180 1282 et
1194 1234 1247 1282 au-

76 1331 197 1398 stodiae
223 1331 410 1399 monasterii
436 1330 557 1398 sollerti
578 1330 744 1415 vigilantia
770 1331 952 1417 insistebat,
982 1337 1015 1398 et
1035 1331 1247 1399 Harimunnus

76 1445 237 1532 Eresburg
258 1449 452 1535 prepositus,
475 1448 557 1534 qui·,
585 1467 644 1534 pro
667 1446 818 1534 qualitate
847 1448 999 1534 temporis
1031 1446 1247 1516 aoourationab

76 1565 243 1651 providus,
270 1563 373 1632 multa
399 1564 519 1650 ingenii
547 1564 728 1632 solaberis
753 1564 804 1631 sui
826 1569 997 1650 almagno
1018 1565 1136 1632 indicia
1156 1565 1247 1632 nobis

77 1679 260 1767 dereliquid
295 1681 367 1749 Toti
388 1686 454 1748 tras
475 1682 540 1766 isti,
562 1681 703 1750 liberalis
724 1682 875 1750 seientiae
898 1701 935 1749 aa
956 1681 1075 1749 multae
1089 1681 1249 1749 sollertiae
1352 1760 1355 1775 Ι

78 1795 180 1882 ditati,
202 1797 265 1864 loai
285 1798 379 1865 istius
399 1797 664 1866 honorabilioras⁰
687 1803 720 1866 et
741 1798 834 1884 qussi
854 1798 981 1866 luoerna
1003 1797 1087 1866 alara
1108 1797 1248 1866 luoentas

79 1917 111 1980 at
130 1913 217 1980 velut
239 1913 383 1982 oolumne
405 1915 569 1983 solidiores
590 1915 695 1982 looum
716 1915 944 1984 sustentabant
1020 1914 1076 1982 Set
1097 1917 1129 1981 et
1150 1915 1249 1982 frater

79 2035 184 2098 noster
205 2029 413 2117 Heriboldua,
436 2032 612 2099 admirmdi
636 2037 669 2099 et
690 2031 888 2101 subtilissimi
911 2051 969 2119 per
991 2031 1098 2098 omnia
1118 2031 1248 2116 ingenii,

80 2151 111 2214 et
135 2147 285 2215 ineundis
309 2154 342 2216 et
363 2149 496 2217 seientia
516 2148 648 2216 litterali
669 2169 751 2236 pene
772 2148 1048 2237 inequiparabilis,
1077 2168 1131 2216 eos
1153 2147 1248 2236 paulo

81 2269 151 2330 anta
172 2265 333 2332 inmatura
353 2270 455 2333 morte
477 2265 622 2333 saoerdos
644 2270 848 2352 prevenerat3
872 2270 905 2334 et
925 2265 1023 2333 irater
1038 2269 1145 2332 noster
1160 2285 1249 2352 pres·

3 2418 4 2461 ᾗ
81 2378 159 2449 bitor
179 2379 358 2466 Routulfus,
379 2381 535 2449 medisina
557 2383 620 2448 arti
641 2380 776 2467 deditus,
800 2381 990 2470 hydropious
1013 2382 1100 2449 obiit.

164 2497 322 2566 Dominus
350 2503 456 2565 antam
476 2503 585 2566 noster
606 2519 665 2565 rex
687 2498 866 2584 Comedus,
896 2499 934 2566 de
957 2495 1131 2566 Polemioa⁴
1154 2519 1249 2586 expe-
1267 2520 1315 2568 ocu

3 2672 5 2679 ,
80 2613 201 2682 dieiona
227 2633 373 2683 reversus
400 2620 434 2682 et
454 2613 649 2682 Goaluriemi
678 2616 816 2683 statione
844 2614 978 2700 dagam,
1005 2621 1042 2682 ut
1067 2615 1188 2682 audiuit
1209 2616 1249 2683 de

80 2731 165 2800 obitu
194 2731 362 2814 Hlainrioi)
389 2731 528 2817 abbatis,
556 2731 752 2800 honestiores
778 2732 913 2798 fratrum
941 2737 973 2798 et
994 2731 1249 2799 ministerialium

3 2826 4 2829 Ἴ
80 2847 228 2916 aeclesiae
248 2853 376 2915 nostrae
397 2849 439 2916 ad
452 2869 488 2916 se
502 2850 671 2935 amarsitis,
695 2850 806 2932 suasit,
828 2847 953 2932 rogavit
966 2847 1041 2932 eligi
1054 2848 1087 2914 in
1104 2847 1249 2916 abbatam

79 2984 247 3052 personam
260 2964 418 3050 idoneam,
440 2967 626 3054 sapientem,
649 2965 857 3051 eloquentem,
872 2964 993 3050 utilem,
1009 2965 1149 3032 moribus
1164 2985 1249 3032 eom·

79 3087 178 3168 ptum,
201 3082 352 3149 domnum
365 3081 573 3167 Wioboldum,
598 3081 794 3149 stabulensis
817 3081 966 3150 emlesiaa
988 3081 1154 3168 prelatum.
1194 3082 1250 3150 Sat

80 3203 111 3266 et
131 3198 303 3286 prinsipes,
325 3200 432 3266 auriae
452 3199 575 3283 inserti,
597 3198 699 3266 multe
720 3199 813 3267 laude
833 3197 1119 3266 conmendavernut
1133 3199 1247 3284 virum,

80 3315 215 3381 etinira
236 3315 309 3382 illos
330 3315 411 3384 inibi
431 3313 601 3383 nobiliores
624 3335 661 3382 aa
682 3316 801 3382 milites
823 3316 1001 3398 constituti,
1024 3320 1153 3401 totaque
1168 3335 1248 3401 pene
1347 3353 1350 3362 ·

79 3431 165 3498 ouria
178 3431 293 3498 extulit
307 3452 380 3498 eum
392 3431 487 3498 laude
500 3430 683 3517 multifaria,
706 3433 814 3500 diosus
829 3437 999 3518 postremo,
1022 3437 1142 3500 semoto
1157 3453 1248 3518 pror-

79 3567 131 3614 sus
157 3549 245 3616 omni
267 3549 362 3618 dubio
385 3549 469 3636 quod
491 3568 601 3636 parem
620 3549 792 3618 virtutibus
815 3554 881 3617 tota
901 3553 1012 3616 nostra
1033 3567 1097 3616 non
1118 3547 1249 3616 baberet
1318 3551 1322 3560 '

77 3665 173 3749 regio.
213 3664 322 3733 Tantis
345 3665 461 3732 auditis
484 3666 587 3733 oausis
610 3665 649 3732 de
671 3666 739 3732 viro
760 3665 905 3751 laudum,
934 3665 1050 3751 nostri,
1078 3665 1153 3732 lieet
1175 3685 1248 3750 agre

78 3785 239 3848 tantorum
260 3782 380 3850 ermuli
401 3784 622 3867 assanoiantes,
645 3780 795 3848 differunt
815 3783 851 3848 in
870 3781 954 3848 diem
978 3784 1018 3848 13
1035 3781 1247 3848 Kalendarum
1264 3797 1353 3846 oeteo

79 3895 305 3978 Novembrium
324 3900 360 3967 in
381 3898 485 3968 looum
507 3920 615 3985 suum,
643 3919 716 3967 oum
738 3899 804 3966 suis
827 3897 994 3966 eonsilium
1016 3903 1048 3966 at
1070 3898 1247 3966 oonsultum

148 4100 170 4133 a.
186 4085 226 4147 qui
241 4086 334 4134 addidi.
394 4085 418 4134 b.
434 4086 573 4134 wematlore
589 4087 761 4147 sapasim.
823 4099 843 4134 a.
859 4085 1013 4134 bouobiliores
1030 4105 1052 4134 c.

149 4192 175 4247 1.
192 4191 340 4248 Heinriaus
362 4191 391 4246 11
412 4191 499 4248 abbas
521 4191 591 4247 obiit
612 4191 640 4246 d.
656 4191 675 4246 8
692 4190 753 4247 Oat
765 4191 845 4247 1146.
916 4193 941 4246 2.
965 4190 1056 4260 presb.
1074 4189 1147 4245 eard.
1161 4187 1245 4244 tias.

83 4279 224 4353 latinae,
241 4297 324 4353 quam
341 4281 425 4337 etiarn
442 4281 489 4337 die
508 4281 542 4336 16
559 4297 597 4336 ur.
611 4280 685 4336 lunii
701 4296 728 4336 a
740 4281 810 4336 1146
828 4281 858 4336 ln
875 4280 947 4336 vivis
964 4279 1058 4350 fuisse,
1077 4277 1178 4334 dooent
1195 4277 1246 4333 lta·

85 4376 159 4441 gesta
175 4377 252 4443 pont
265 4371 344 4428 Boin.
362 4387 390 4440 p.
403 4371 465 4426 616.
536 4371 562 4426 8.
580 4370 727 4428 llalnrioua
744 4369 766 4426 L
838 4370 865 4426 4.
883 4368 1023 4427 Polonioa

125 4469 201 4523 omi.
216 4471 390 4517 samum
996 4466 1015 4521 4
