3117 4859
343 266 410 334 teo
727 285 875 331 wmsrmr
895 283 1061 333 erremus
1082 282 1136 331 rso.
1174 302 1178 309 ·

255 430 324 486 1149
342 447 414 493 rum
441 426 524 492 sicut
545 430 679 510 quatuor
701 424 749 491 illi
770 425 884 492 fratres
907 423 945 492 G.
969 423 1001 492 S.
1022 426 1063 493 A.
1083 424 1149 510 W,
1172 430 1283 491 sancto
1304 429 1337 491 et
1355 423 1490 491 cctlrolioo

341 541 404 609 fine
431 542 632 625 decedentes,
662 541 731 627 spei
759 545 792 607 et
819 539 953 608 fiduciae
980 542 1090 628 plenos
1119 542 1160 608 ud
1182 540 1375 626 sequendum
1394 560 1427 607 se
1443 560 1493 606 uer

341 663 599 745 provocaverunt,
622 657 670 722 its
690 656 742 722 hic
764 662 924 724 extremus
941 658 1040 725 freter
1054 658 1104 743 E,
1125 660 1176 725 vir
1198 657 1326 743 quidem
1338 658 1494 741 castigetis

340 774 425 842 vitae
454 780 487 842 et
513 778 597 841 totus
625 774 660 839 iu
685 772 755 857 lege
777 773 839 840 Dei
861 775 911 841 soi
933 774 985 841 die
1007 794 1046 841 uc
1066 780 1174 858 nocte,
1204 775 1240 839 iu
1262 773 1397 860 quodum
1415 778 1495 861 pue

339 891 444 958 minus
468 895 588 974 cautus,
612 910 668 956 suo
690 890 862 976 improviso
884 891 1023 957 transitu
1043 911 1102 958 noe
1123 911 1188 956 non
1210 889 1327 976 absque
1342 891 1443 975 grecis
1455 889 1495 955 of-

339 1006 489 1075 fendiculi
511 1004 657 1092 scrupulo
680 1007 888 1073 conturbavit.
935 1006 1113 1093 Siquidem,
1135 1011 1172 1073 ut
1192 1007 1310 1090 nostis,
1332 1008 1496 1093 portionem

339 1122 497 1208 quendem
521 1123 814 1189 amministrutionis
836 1123 866 1189 ei
887 1122 1156 1206 commiseramus,
1182 1122 1221 1188 de
1243 1142 1307 1207 que
1325 1122 1498 1189 monuerit

339 1239 584 1327 prestetionibus
608 1240 725 1305 servire
748 1238 886 1323 deberet,
908 1240 944 1305 in
965 1260 1028 1325 quc
1048 1238 1227 1305 tenacitatis
1248 1237 1344 1325 culpe
1362 1238 1497 1305 seductus

339 1362 397 1441 est,
419 1361 455 1422 ut
477 1353 570 1442 plure
591 1353 910 1441 relinqueretquem
932 1356 1000 1423 eius
1021 1354 1117 1422 suluti
1131 1354 1302 1441 expediret
1331 1353 1382 1421 Dc
1395 1353 1497 1440 quibus

338 1471 483 1539 omnibus
505 1471 594 1538 vobis
621 1471 656 1537 iu
678 1491 842 1539 commune
863 1472 1041 1539 mandendo
1064 1471 1271 1559 precipimus,
1299 1491 1340 1537 ne
1362 1471 1432 1557 quis
1452 1490 1497 1535 ve·

338 1592 439 1655 strum
466 1608 519 1654 ecs
541 1592 692 1672 tunquam
713 1589 860 1674 proprios
881 1609 939 1655 seu
959 1607 1141 1655 communes
1162 1586 1215 1653 rel
1236 1587 1327 1672 quasi
1349 1607 1390 1654 ex
1410 1592 1497 1653 testr-

338 1710 444 1771 mento
467 1703 624 1787 delegatus
639 1703 806 1771 vendicare
820 1710 998 1790 presumat3
1022 1709 1072 1771 set
1093 1703 1182 1771 sulse
1203 1709 1236 1771 et
1255 1704 1383 1787 integre
1402 1703 1499 1769 omnis

338 1819 378 1886 ed
400 1825 512 1886 nutum
535 1820 646 1885 decani
667 1825 841 1905 serventur,
864 1821 973 1905 donec,
988 1820 1077 1888 vobis
1091 1819 1200 1887 divine
1215 1820 1392 1906 opitulante
1405 1820 1500 1903 pots

337 1935 569 2022 presentialiter
590 1936 717 2021 redditi,
740 1936 817 2021 qnid
839 1937 878 2003 de
899 1936 950 2003 bis
972 1936 1130 2020 egendum
1150 1936 1203 2020 sit,
1225 1935 1361 2002 sollicite
1375 1954 1499 2001 unere

336 2052 458 2118 biscum
480 2052 685 2138 inquiremus.
715 2052 909 2121 Recordetur
928 2052 1063 2119 eruditio
1077 2058 1184 2120 vestm
1198 2052 1237 2117 de
1249 2052 1352 2139 produ
1366 2051 1499 2119 lhericbo

250 2240 252 2243 ,
337 2167 529 2234 anathemati
552 2174 584 2235 et
604 2168 729 2252 ignibus
752 2168 866 2237 devota
880 2169 965 2237 etde
979 2167 1119 2255 periculo
1133 2167 1249 2253 Aebur,
1273 2156 1328 2253 qui
1342 2168 1385 2235 de
1399 2168 1500 2235 eodm

337 2284 535 2351 anathemate
561 2286 672 2351 furtim
699 2284 850 2352 subduxit
858 2282 875 2369 ¹,
904 2304 969 2351 uon
995 2306 1057 2370 quo
1084 2289 1229 2352 creature
1250 2282 1312 2351 Dei
1331 2285 1501 2351 inenimrts

336 2406 369 2467 et
396 2400 587 2468 insensibilis
614 2406 647 2467 et
669 2401 709 2468 cd
729 2422 823 2469 usum
845 2402 982 2467 bominis
1002 2401 1150 2468 institute
1169 2401 1327 2487 premium
1348 2407 1501 2468 mercetur

335 2516 386 2584 vel
412 2537 564 2603 poenam,
592 2522 641 2584 set
668 2537 729 2602 quo
757 2537 867 2584 earum
896 2518 1018 2584 excidio
1045 2517 1210 2584 bominum
1230 2517 1273 2583 sit
1293 2518 1501 2585 inobedientis

192 2684 197 2692 .
334 2634 524 2701 vindicando
545 2639 576 2700 et
599 2634 738 2701 evericie
758 2633 940 2701 cohibendo

423 2750 542 2817 Rumor
569 2750 607 2817 de
629 2750 720 2817 nobie
742 2769 845 2836 nuper
866 2754 1028 2835 acceptus,
1056 2749 1111 2835 qui
1132 2768 1189 2815 vos
1211 2749 1251 2816 de
1272 2748 1376 2817 salute
1398 2755 1500 2817 nostn

336 2865 485 2933 sollicitos
519 2866 731 2951 conturbavit,
767 2886 807 2932 ex
834 2871 926 2952 parte
952 2884 1045 2933 verus
1073 2870 1122 2932 est
1149 2870 1183 2931 ct
1210 2885 1250 2931 ex
1276 2872 1369 2952 perte
1396 2865 1498 2933 mers

335 2980 459 3049 Damno
482 2984 567 3049 enim
589 2982 749 3067 aliquanto
771 2986 805 3049 et
822 2982 945 3067 ingenti
957 2981 1075 3047 iniuriu
1088 2978 1194 3047 effecti
1206 3001 1324 3065 sumus,
1347 2981 1418 3049 Deo
1432 3001 1499 3069 pro·

334 3099 418 3184 picio
434 3118 541 3165 rerum
555 3098 763 3165 humenerum
777 3098 879 3165 vicem
894 3098 1096 3186 dispensante
1111 3102 1143 3164 et
1156 3103 1312 3165 tumorem
1326 3098 1498 3185 superbire,

335 3215 389 3300 qui
412 3214 450 3281 de
472 3235 639 3280 munerum
661 3235 790 3281 suorum
811 3214 950 3282 mirabili
971 3213 1138 3281 collatione
1158 3215 1247 3281 nesci
1267 3219 1407 3301 poterut,
1428 3234 1498 3301 qm·

334 3330 407 3397 dem
422 3332 603 3397 interiectae
619 3331 838 3398 amaritudinis
853 3330 1064 3418 temperentia
1075 3331 1276 3418 reprimente,
1299 3334 1336 3396 ut
1349 3330 1499 3397 veraciter

332 3446 413 3513 illud
435 3448 548 3513 cantici
570 3448 780 3514 canticorum·
803 3448 907 3515 dicere
922 3448 1098 3534 possimus:
1120 3448 1306 3513 Faeeculee
1318 3451 1439 3513 cunae
1452 3448 1497 3512 di-

334 3564 427 3630 butro
453 3588 538 3630 mec
563 3560 668 3630 mtto.
714 3563 833 3631 Verum
856 3563 939 3648 quod
960 3564 981 3630 i
1001 3563 1111 3650 prucis
1132 3562 1306 3630 latronibus
1327 3561 1497 3650 desperetis

332 3679 534 3747 commissum
557 3674 630 3763 est⁸,
653 3684 741 3746 tento
763 3679 936 3747 ulciscendi
957 3679 1061 3747 studio
1083 3680 1104 3746 i
1124 3679 1237 3746 ceteris
1258 3679 1420 3765 omnibus,
1448 3678 1498 3763 qui

331 3793 426 3862 fidem
448 3816 538 3861 suem
561 3802 594 3863 et
615 3795 814 3863 devotionem
828 3816 955 3863 serrare
969 3796 1159 3880 desiderent,
1182 3795 1338 3882 expietur,
1361 3800 1399 3863 ut
1412 3793 1497 3861 vuldo

332 3912 472 3979 dionem
486 3911 637 3979 offensem
651 3912 901 3997 reformidemus,
923 3910 1045 3977 nullum
1064 3910 1192 3977 interim
1208 3911 1336 3978 honoris
1352 3912 1405 3979 rel
1418 3910 1496 3978 selu-

331 4030 373 4095 tis
389 4028 564 4115 periculum
581 4029 780 4096 sustinentes.
804 4027 921 4095 Potens
937 4033 1044 4095 eutem
1060 4033 1110 4096 est
1123 4026 1220 4113 Deus,
1237 4029 1277 4096 de
1290 4028 1341 4095 his
1356 4027 1494 4095 mitur

330 4167 389 4214 nos
411 4147 580 4215 clementer
603 4145 724 4231 eripere
747 4149 780 4211 et
801 4144 843 4211 ed
864 4164 920 4211 ros
945 4150 1088 4231 tempore
1109 4150 1238 4231 eccepto
1259 4145 1418 4213 reducere

403 4294 423 4327 ι
446 4282 584 4328 emticcrum
599 4280 738 4327 truncorum
754 4296 774 4326 e.

403 4369 427 4422 l.
446 4366 617 4436 Cilosuel,
632 4369 655 4422 1.
703 4368 729 4421 2.
750 4366 924 4434 Guut.1,l2.
972 4366 999 4421 3.
1018 4365 1088 4421 1148
1100 4364 1166 4421 Dec
1177 4366 1221 4421 29.
1234 4364 1269 4423 V.
1278 4380 1324 4436 ep.
1335 4365 1386 4421 149
1396 4363 1491 4435 poet.

807 4489 1021 4505 ᾖ
