3117 4859
226 412 279 468 836

160 485 297 534 Mamm

201 1355 293 1405 Μιιι

317 247 358 316 18
719 265 934 315 marsuano
956 265 984 314 s.
999 265 1070 314 vrrr

313 405 483 492 Baltrudis,
506 427 585 492 quae
607 425 700 475 ossea
720 407 781 474 foit
804 408 894 476 aunis
910 407 1056 494 quinque,
1080 410 1113 474 et
1125 425 1240 475 nomen
1255 403 1384 473 nitemur
1401 402 1478 472 Ger·

313 522 408 590 badis
415 533 436 608 ⁵,
458 543 553 590 essee
565 524 725 592 mensibus
747 524 865 608 tn'bus3
890 530 983 612 etque
1004 525 1039 591 in
1060 524 1129 612 ipso
1144 523 1212 591 loeo
1228 521 1417 590 sanitatem*
1432 541 1480 589 re·

313 640 419 726 eipere
444 645 636 732 meruerunt
682 640 795 707 Adfuit
823 641 919 710 etium
942 641 1068 729 inipso
1090 640 1159 708 looo
1181 637 1330 728 puerulus
1352 638 1480 705 nomine

313 755 459 824 warinus
487 757 553 824 fere
583 777 737 824 annornm
766 761 853 843 osto,
883 757 937 844 qui
959 761 1027 826 erat
1049 777 1089 824 ex
1111 758 1197 824 omni
1218 761 1309 844 parte
1331 753 1479 836 claudum

312 877 345 942 et
376 893 452 939 mox
480 878 518 940 ut
543 874 677 941 sesessit
703 872 745 940 sd
770 875 940 960 feretrum,
973 875 1020 941 its
1046 872 1259 941 consolidatae
1285 877 1360 940 sunt
1388 871 1480 940 bases

312 989 395 1075 eius,
421 994 459 1056 ut
479 1009 587 1056 eoram
609 991 753 1058 omnibus
775 996 958 1076 exurgeret·
980 996 1013 1058 et
1034 989 1228 1058 thuribulum
1250 1009 1322 1058 oum
1344 987 1481 1076 tbymia-

311 1110 396 1173 mate
421 1106 626 1194 vespertinali
658 1105 759 1176 offieio
788 1107 889 1176 eiros‘¹
918 1106 1016 1176 alme
1044 1112 1077 1175 et
1103 1127 1162 1195 per
1189 1111 1290 1174 totam
1316 1103 1482 1174 seelesiam

310 1227 439 1308 portare
460 1222 590 1290 valeret

399 1337 531 1406 Postera
552 1339 603 1407 die
624 1340 686 1407 iter
708 1340 873 1425 agentibus
895 1340 930 1406 in
951 1339 1004 1407 vis
1025 1339 1162 1407 ooeurrit
1184 1337 1338 1425 quosdam
1353 1335 1480 1422 mulier,

310 1453 414 1522 ferens
448 1456 482 1522 in
515 1455 654 1523 humeris
687 1476 822 1544 puerum
852 1455 1020 1544 parvulum
1046 1460 1099 1522 nt·
1126 1455 1298 1543 putabatur
1325 1473 1509 1522 annorum

310 1571 462 1658 quinque,
491 1572 525 1639 ι’
545 1572 706 1641 mensibus
732 1593 806 1640 voro
834 1573 970 1660 quinque
992 1572 1164 1640 claudunt.
1205 1571 1291 1651 Ques
1317 1591 1392 1638 oum
1417 1590 1483 1637 non

310 1686 430 1756 valeret
456 1708 534 1775 pree
555 1689 650 1757 turba
670 1709 743 1756 oum
762 1690 834 1778 ipso
858 1689 1004 1758 soosdere
1028 1689 1068 1756 ad
1089 1689 1256 1774 feretrum,
1284 1687 1426 1775 propriis
1449 1687 1483 1754 in

310 1809 429 1872 terram
462 1805 583 1872 dimisit
613 1806 652 1873 ab
679 1805 834 1889 humeris;
869 1812 900 1875 st
927 1806 1073 1891 ingerens
1101 1825 1136 1874 se
1164 1805 1199 1872 in
1226 1803 1331 1872 medio
1357 1801 1482 1892 populi,

310 1920 438 1988 tandem
466 1923 611 2008 pervenit
639 1921 681 1988 ad
706 1921 860 2008 loeulum,
894 1922 948 1990 ubi
977 1942 1090 2010 eorpus
1118 1921 1278 1990 ferebatur
1304 1921 1483 1989 beatissimi

308 2038 476 2125 martyris,
510 2037 753 2125 expendensque
782 2059 877 2126 super
903 2038 1009 2125 ipsum
1036 2038 1184 2123 linteum,
1218 2037 1348 2105 Domini
1376 2036 1484 2123 eoepit

211 2216 213 2220 ,
308 2175 367 2242 pro
390 2155 526 2221 sanitato
546 2155 638 2242 pueri
660 2175 792 2222 exorare
811 2154 1019 2240 elementiam,
1043 2153 1197 2241 simulque
1213 2153 1314 2221 saneti
1328 2152 1483 2240 martyris

201 2873 293 2922 Mutii

309 2269 453 2356 flagitsre
481 2270 642 2338 auxilium.
688 2269 766 2338 Post
786 2269 865 2338 haee
887 2276 992 2339 antmn
1014 2292 1085 2339 eum
1107 2275 1317 2338 reverteretur
1340 2269 1382 2336 sd
1402 2289 1483 2356 pue-

308 2407 396 2472 rum,
423 2387 492 2475 ipse
519 2407 598 2474 puer
625 2407 719 2454 sanus
748 2391 780 2454 ot
802 2386 918 2472 laotos,
948 2389 1002 2474 qui
1025 2393 1097 2455 ente
1119 2387 1304 2474 portebatur
1325 2386 1481 2454 maternis

309 2503 456 2587 brachiis,
477 2503 634 2591 propriis*¹
657 2503 760 2590 eoepit
781 2505 877 2571 matri
899 2524 1061 2572 occurrere
1082 2503 1224 2591 pedibus.

398 2620 487 2688 Tune
513 2641 548 2688 se
576 2619 615 2686 de
637 2618 692 2686 illo
721 2619 790 2686 loeo
816 2625 978 2689 moventes
1000 2625 1206 2707 coeptumque
1228 2619 1289 2685 iter
1310 2617 1481 2702 tenentes‘,

308 2741 519 2824 pervenerunt
539 2736 575 2804 iu
596 2735 704 2803 villam
726 2757 807 2822 quae
827 2736 975 2805 vooetur¹
988 2731 1168 2818 Alnidus¹¹3
1191 2735 1297 2822 ibique
1315 2739 1408 2801 noete
1422 2733 1483 2800 illa

309 2857 501 2920 manserunt
536 2852 617 2920 Cum
639 2857 746 2920 autem
766 2853 801 2918 in
823 2854 995 2920 erastinum
1014 2852 1061 2919 sol
1082 2850 1276 2920 illucesseret
1290 2870 1482 2936 rursumque

309 2970 371 3037 iter
392 2972 553 3057 perorent,
575 2987 698 3036 moram
719 2967 783 3034 illis
805 2967 991 3036 foetentibus
1013 2973 1108 3055 atque
1129 2968 1298 3036 missarum
1312 2966 1482 3035 sollemnis

309 3090 346 3153 ut
373 3085 504 3169 dignum
530 3089 599 3152 erat
627 3083 873 3169 celebrantibus,
902 3085 1003 3153 edbrit
1031 3085 1158 3170 quidum
1187 3084 1316 3151 oleudus
1344 3089 1482 3170 utroque

310 3219 403 3286 genu,
425 3200 497 3288 plus
512 3206 617 3268 eutem
632 3199 773 3284 dextero,
789 3200 843 3287 qni
857 3221 958 3288 paene
972 3201 1097 3270 natibus
1114 3199 1332 3268 cobserebstffl.
1360 3199 1482 3266 irrum-

309 3337 387 3404 pens
408 3316 537 3383 turbesn
559 3315 698 3382 medium
719 3335 788 3384 sese
803 3317 936 3384 inseruit
950 3317 1066 3385 virtute
1081 3337 1143 3403 qua
1156 3316 1266 3402 valuit,
1288 3315 1481 3401 tandemque

310 3453 372 3519 quo
399 3432 492 3500 modo
519 3433 624 3520 potuit
651 3432 691 3499 sd
719 3433 873 3500 oanoellos
897 3432 1021 3518 ulteris,
1049 3433 1104 3501 ubi
1126 3440 1270 3502 sanetum
1291 3432 1478 3518 celebratur,

309 3549 462 3637 pervenit
509 3547 589 3615 Cum
610 3552 715 3615 autem
736 3549 803 3617 fere
824 3570 882 3636 per
903 3569 999 3618 unsm
1021 3549 1169 3618 ieonisset
1190 3550 1310 3634 horem,
1337 3549 1479 3636 expleta·

311 3685 372 3753 que
393 3665 466 3732 ιιιιιο
489 3668 624 3749 orasset,
648 3672 819 3751 coeperunt
839 3666 981 3739 membre
1003 3667 1069 3734 eius
1093 3666 1332 3734 contremiscere
1354 3671 1386 3732 et
1407 3665 1479 3752 ipse

311 3801 383 3850 eum
407 3801 520 3866 magno
547 3780 682 3867 strepitu
703 3783 863 3869 suspirare
886 3787 979 3869 etque
1002 3782 1096 3850 simul
1117 3803 1234 3868 genua,
1263 3781 1335 3850 ιιιιιΡ
1357 3781 1480 3850 seilicet

380 3957 401 3990 ι
417 3945 479 3990 aliar
494 3940 613 3989 Germanis
629 3941 651 3987 1.
697 3941 719 3988 b.
735 3942 856 3990 imitatem
870 3943 957 3990 -loeo
973 3959 1016 3990 οιιι.
1029 3944 1051 3991 1.
1098 3956 1118 3990 e.
1134 3945 1237 4002 surgeret
1252 3943 1274 3990 ι.
1320 3941 1343 3989 ιι.
1359 3943 1477 3990 struunt.

311 4038 332 4072 s.
348 4025 410 4070 etl.
469 4021 607 4068 rao-..u
674 4033 696 4078 κ,
716 4022 810 4070 elaudas
825 4023 896 4071 fuisse
913 4024 935 4070 1.
996 4021 1020 4070 b.
1037 4023 1136 4085 propriis
1151 4039 1194 4070 on.
1206 4025 1228 4072 1.
1290 4023 1439 4071 tmovsatss
1455 4025 1478 4070 1.

310 4101 476 4150 kroesbstur
496 4104 517 4148 1.
570 4101 586 4147 l.
605 4100 713 4159 sinim,
730 4105 792 4151 aiios
808 4103 915 4150 Anmdus
931 4103 953 4150 1.
1006 4116 1036 4151 m.
1057 4102 1209 4151 cohaerebunt
1229 4105 1251 4151 2.
1305 4115 1328 4151 u.
1349 4103 1439 4152 turbam
1455 4105 1477 4150 1.

311 4196 333 4229 o.
354 4185 378 4230 et
393 4185 407 4230 2
421 4200 464 4244 pre
480 4181 612 4242 expletoque
628 4181 675 4227 diu.
720 4196 744 4244 p.
760 4184 809 4230 sius
826 4184 847 4230 1.

382 4289 409 4343 1.
425 4287 537 4358 Aulnay
549 4301 605 4342 sax
615 4285 759 4359 Phoeben,
771 4287 808 4345 ab
819 4286 913 4358 Angla
923 4286 1112 4358 adorientem,
1130 4242 1309 4348 a'muuuno
1321 4287 1394 4347 inter
1404 4287 1477 4348 osei-

309 4373 422 4431 dentem
440 4381 470 4432 et
486 4375 635 4432 meridiem.
