3117 4859
446 264 596 313 ummnr
616 263 783 314 marona
805 262 858 313 rao.
1168 248 1237 317 305

66 406 97 471 et
122 402 330 473 exhortamur
350 406 385 471 in
406 404 559 492 Domino,
590 408 738 494 quatinus
760 405 995 490 tribulationes,
1022 424 1100 493 quae
1122 408 1182 475 tibi
1203 412 1236 475 et
1261 413 1332 470 1149

65 521 219 587 exercitui
240 527 295 589 tuo
318 524 514 611 omnipotens
531 523 618 591 Deus
639 524 802 610 irrogarit,
824 524 982 611 patienter
1003 528 1181 609 supportes,
1204 529 1237 590 et
1250 488 1342 536 Μ

63 637 96 703 iu
131 656 169 703 eo
200 658 291 725 spem
317 644 406 706 tuum
434 640 621 725 constituas,
656 642 711 726 qui
739 660 833 726 quem
859 639 929 707 vult
954 638 1112 727 permittit
1139 637 1236 724 affligi

37 757 94 819 et
122 752 317 821 confidentes
344 755 379 821 iu
404 776 439 823 se
464 756 709 825 misericorditer
729 756 865 823 liberere
887 756 1058 823 consuevit
1094 755 1129 823 Si
1152 755 1237 823 anim

62 869 254 955 patientiam
275 876 308 937 et
328 870 538 941 humilitatem
561 874 595 939 in
619 873 758 940 adversis
779 873 919 960 perlecta
935 872 1086 957 tenueris,
1107 892 1167 960 per
1183 872 1238 939 de·

62 991 187 1052 sartum
215 985 308 1053 huius
335 989 420 1055 vitae
448 990 506 1057 sub
532 990 726 1078 protectione
755 988 941 1077 columpnae
967 989 1060 1056 nubis
1090 994 1122 1055 ot
1142 988 1237 1073 ignis,

61 1101 95 1168 id
124 1108 177 1169 est
203 1104 376 1190 patientiae
404 1105 516 1173 solatio
546 1112 578 1173 et
598 1106 745 1173 karitatis
768 1106 895 1191 ardore,
922 1104 1100 1193 intrepidus
1121 1104 1238 1191 perdu-

60 1220 155 1285 ceris.
191 1218 273 1297 Quia
293 1220 390 1304 igitur
411 1242 580 1309 personam
601 1228 690 1290 tuam
711 1243 788 1289 vera
808 1223 844 1288 in
858 1220 994 1289 Domino
1017 1222 1149 1289 caritate
1166 1220 1237 1287 dili·

61 1335 170 1418 gimus
200 1340 232 1403 et
259 1336 298 1402 de
323 1342 356 1405 te
384 1338 484 1405 valde·
501 1336 701 1423 confidimus,
731 1339 860 1426 sipost
887 1343 978 1405 tuum
1005 1338 1144 1405 reditum
1169 1337 1240 1405 sine

62 1451 220 1519 dilatione
248 1452 287 1519 de
313 1453 380 1539 his,
410 1474 470 1540 que
496 1453 538 1520 nd
564 1454 716 1521 honorem
742 1459 870 1522 sanctae
899 1454 1068 1523 aecclesiae
1096 1459 1129 1522 et
1149 1453 1240 1539 regui

62 1573 212 1655 spectare
230 1576 412 1656 noscuntur,
435 1575 540 1638 tecum
553 1572 671 1639 mutuis
685 1572 898 1659 potuissemus
912 1576 1050 1638 tractare
1064 1570 1238 1657 colloquiis,

61 1684 158 1751 nobis
183 1684 291 1771 utique
313 1692 438 1771 gratum
459 1687 580 1755 fuisset.
615 1687 734 1755 Verum
752 1688 826 1773 quia
839 1688 875 1753 id
888 1687 980 1754 nobis
995 1688 1148 1775 temporis
1163 1707 1239 1774 qua-

61 1798 140 1866 litas
174 1800 342 1887 denegavit
368 1808 400 1870 et
428 1804 466 1871 do
494 1809 552 1870 tua
578 1824 686 1871 sumus
714 1803 815 1871 salute
843 1803 987 1889 solliciti,
1020 1802 1173 1889 quosdam
1200 1804 1241 1872 de

61 1916 219 1983 fnanibus
250 1920 384 2005 nostris,
417 1926 585 2007 postquem
612 1925 644 1987 te
673 1920 715 1988 ad
740 1918 950 1988 Lombardiee
977 1926 1085 2008 partes
1113 1924 1241 1988 auctore

62 2030 205 2100 Domino
221 2033 409 2103 incolumem
423 2038 604 2123 pervenisse
624 2037 805 2124 accepimus
819 2074 862 2083 -
878 2036 960 2105 sicut
972 2057 1031 2124 per
1046 2036 1240 2104 venerabiles

61 2149 183 2217 iratres
211 2156 336 2218 nostros
358 2152 557 2235 Arttwicum)
580 2152 784 2221 Bremcnsem
811 2153 1081 2241 archiepiscopum
1107 2159 1139 2221 et
1160 2153 1240 2237 A(n-

62 2266 215 2350 selmum)
236 2266 560 2354 Hauelenbergensem
581 2270 764 2357 episcopum
786 2271 846 2338 tibi
868 2268 1131 2353 significavimus·
1144 2306 1186 2315 -
1199 2268 1241 2336 ed

62 2386 156 2450 tuam
187 2384 389 2453 serenitatem
415 2386 562 2453 duximus
585 2386 804 2472 destinandos,
831 2392 869 2452 ut
890 2384 1037 2452 affectum
1059 2390 1092 2452 et
1112 2386 1241 2452 benivo-

62 2500 211 2587 lentiam,
238 2523 333 2588 quam
356 2524 431 2587 erga
451 2509 484 2570 te
506 2502 654 2588 gerimus,
678 2503 737 2570 tibi
760 2508 962 2590 exponerent,
987 2507 1019 2569 et
1041 2503 1125 2587 qnod
1148 2502 1187 2569 de
1208 2507 1241 2568 te

63 2616 179 2686 audire
202 2620 357 2706 cupimus,
379 2620 522 2706 ipsorum
543 2619 695 2687 relatione
717 2639 927 2685 nosceremus.
962 2617 1081 2696 Quibus
1097 2617 1240 2684 dedimus

63 2735 99 2801 in
123 2735 294 2821 mandatis,
317 2740 353 2801 ut
374 2735 443 2821 tibi,
466 2740 617 2822 tauquam
639 2736 808 2802 karissimo
830 2734 896 2801 filio
917 2738 1026 2800 nostro
1043 2738 1074 2800 et
1088 2732 1240 2801 catholico

63 2850 208 2940 principi
243 2856 337 2937 atque
375 2851 504 2938 speciali
531 2857 658 2920 sanctae
688 2851 848 2919 Romanae
876 2849 1044 2917 aecclesiae
1073 2850 1240 2935 defensori,

63 2966 171 3057 ipsius
199 2967 368 3036 aecclesiae
397 2974 514 3035 statum
542 2974 574 3037 et
599 2973 743 3036 nostrum
766 2973 968 3055 exponerent.
1002 2966 1064 3045 Qui
1085 2966 1241 3053 siquidem

64 3106 170 3171 usque
198 3084 233 3151 in
259 3084 405 3151 Tusciam
431 3086 605 3171 progressi,
635 3106 675 3153 ex
704 3105 765 3173 quo
794 3089 827 3151 te
855 3084 895 3151 ad
918 3083 1105 3151 Teutonicae
1133 3088 1241 3171 partes

63 3202 281 3290 pertransisse
302 3206 467 3287 noverunt,
489 3200 719 3286 longitudinem
740 3202 812 3269 viae
834 3205 866 3268 ct
886 3198 1104 3268 difficultatem
1118 3199 1242 3267 itineris

63 3324 202 3407 propter
224 3318 352 3385 aestatis
374 3316 593 3405 intemperiem
614 3322 800 3403 metuentes,
823 3317 863 3385 ad
884 3322 1027 3383 nostram
1048 3318 1241 3403 presentiam

65 3434 242 3502 redierunt
278 3432 424 3501 Ceterum
447 3435 521 3521 quia
542 3440 659 3501 statum
682 3440 773 3501 tuum
796 3439 828 3501 et
847 3434 953 3500 dilecti
968 3431 1027 3509 lilii
1040 3434 1142 3500 nostri
1156 3432 1241 3501 Hen-

65 3550 155 3635 (rici)
179 3550 311 3617 iunioris
333 3552 433 3636 regis,
457 3572 549 3637 quem
571 3557 644 3639 post
666 3534 839 3618 discessum
860 3556 951 3617 tuum
972 3555 1105 3637 paterno
1129 3547 1242 3617 affectu

65 3666 242 3735 dileximus
271 3674 303 3735 et
329 3668 364 3733 in
392 3674 555 3755 posterum
583 3666 721 3735 actiones
751 3668 819 3735 eius
847 3666 1029 3753 prosperari
1049 3666 1084 3732 in
1105 3664 1241 3731 Domino

64 3790 292 3872 preoptamus,
322 3804 508 3869 cognoscere
537 3784 697 3872 cupimus,
726 3804 798 3850 cum
825 3782 959 3850 fratres*
984 3782 1087 3849 nostri
1112 3786 1242 3869 propter

67 3899 202 3968 aestatis
230 3901 385 3967 fervorem
411 3900 552 3969 laborem
578 3901 660 3969 tanti
687 3900 810 3968 itineris
833 3898 983 3988 perficere
1003 3918 1069 3964 non
1089 3897 1241 3980 ualerent,

66 4038 128 4106 per
150 4014 278 4108 fidelem
298 4021 442 4084 nostrum
455 4016 675 4101 F(ranoonem)
697 4017 831 4085 latorem
845 4015 1041 4103 presentium
1063 4018 1094 4080 et
1115 4017 1241 4099 aposto-

66 4132 134 4201 lica
156 4133 276 4221 scripta
297 4139 385 4201 tuam
407 4134 626 4201 excellentiam
647 4134 823 4217 visitantes,
845 4130 1043 4198 nobilitatem
1064 4135 1152 4195 tuam
1174 4148 1241 4194 mo-

67 4270 185 4319 nemus
209 4255 241 4317 et
262 4250 463 4317 exhortamur
484 4251 519 4317 in
540 4249 693 4336 Domino,
720 4249 869 4335 quatinus
892 4268 944 4334 ea,
967 4265 1027 4332 que
1049 4245 1134 4313 circa
1155 4249 1188 4312 te
1209 4248 1242 4311 et

145 4406 168 4441 ι.
188 4392 323 4451 meumes
338 4410 359 4441 ο.
419 4392 443 4441 o.
461 4390 540 4439 naen
555 4410 575 4441 e.

118 4478 198 4533 ame,
214 4480 354 4527 araneae·
368 4480 386 4526 1.
993 4473 1029 4529 20
