<?xml version="1.0" encoding="UTF-8"?>
<!DOCTYPE html PUBLIC "-//W3C//DTD XHTML 1.0 Transitional//EN"
    "http://www.w3.org/TR/xhtml1/DTD/xhtml1-transitional.dtd">
<html xmlns="http://www.w3.org/1999/xhtml" xml:lang="en" lang="en">
 <head>
  <title>
</title>
<meta http-equiv="Content-Type" content="text/html;charset=utf-8" />
  <meta name='ocr-system' content='tesseract 3.04.00' />
  <meta name='ocr-capabilities' content='ocr_page ocr_carea ocr_par ocr_line ocrx_word'/>
</head>
<body>
  <div class='ocr_page' id='page_1' title='image "./bibliothecareru05jaffgoog_0182.png"; bbox 0 0 3117 4859; ppageno 0'>
   <div class='ocr_carea' id='block_1_1' title="bbox 307 260 1086 329">
    <p class='ocr_par' dir='ltr' id='par_1_1' title="bbox 307 260 1086 329">
     <span class='ocr_line' id='line_1_1' title="bbox 307 260 1086 329; baseline -0.003 -2"><span class='ocrx_word' id='word_1_1' title='bbox 307 260 373 329; x_wconf 76' lang='lat'><strong>174</strong></span> <span class='ocrx_word' id='word_1_2' title='bbox 692 280 842 327; x_wconf 75' lang='lat' dir='ltr'><strong>ursum</strong></span> <span class='ocrx_word' id='word_1_3' title='bbox 862 278 1027 327; x_wconf 79' lang='lat' dir='ltr'><strong>neronom</strong></span> <span class='ocrx_word' id='word_1_4' title='bbox 1048 278 1086 326; x_wconf 80' lang='lat' dir='ltr'><strong>oe.</strong></span> 
     </span>
    </p>
   </div>
   <div class='ocr_carea' id='block_1_2' title="bbox 309 418 1477 745">
    <p class='ocr_par' dir='ltr' id='par_1_2' title="bbox 309 418 1477 745">
     <span class='ocr_line' id='line_1_2' title="bbox 309 418 1473 511; baseline -0.002 -22"><span class='ocrx_word' id='word_1_5' title='bbox 309 418 371 489; x_wconf 88' lang='grc'><strong>99.</strong></span> <span class='ocrx_word' id='word_1_6' title='bbox 393 422 574 489; x_wconf 78' lang='lat' dir='ltr'><strong>Adelbertas</strong></span> <span class='ocrx_word' id='word_1_7' title='bbox 587 425 785 511; x_wconf 76' lang='lat' dir='ltr'><strong>praepositae</strong></span> <span class='ocrx_word' id='word_1_8' title='bbox 800 425 989 491; x_wconf 64' lang='lat' dir='ltr'><strong>Gorbeim</strong></span> <span class='ocrx_word' id='word_1_9' title='bbox 1006 422 1182 489; x_wconf 73' lang='lat' dir='ltr'><strong>Wuuldem</strong></span> <span class='ocrx_word' id='word_1_10' title='bbox 1194 421 1386 489; x_wconf 65' lang='lat' dir='ltr'><strong>odeum</strong></span> <span class='ocrx_word' id='word_1_11' title='bbox 1399 420 1473 487; x_wconf 74' lang='lat' dir='ltr'><strong>bor·</strong></span> 
     </span>
     <span class='ocr_line' id='line_1_3' title="bbox 394 538 1477 627; baseline 0 -24"><span class='ocrx_word' id='word_1_12' title='bbox 394 548 485 621; x_wconf 81' lang='lat' dir='ltr'><strong>lotar,</strong></span> <span class='ocrx_word' id='word_1_13' title='bbox 508 550 542 603; x_wconf 78' lang='lat' dir='ltr'><strong>at</strong></span> <span class='ocrx_word' id='word_1_14' title='bbox 564 542 816 627; x_wconf 69' lang='lat' dir='ltr'><strong>quamprimum</strong></span> <span class='ocrx_word' id='word_1_15' title='bbox 838 540 952 607; x_wconf 80' lang='lat' dir='ltr'><strong>redeat.</strong></span> <span class='ocrx_word' id='word_1_16' title='bbox 987 540 1087 605; x_wconf 76' lang='lat' dir='ltr'><strong>Addit</strong></span> <span class='ocrx_word' id='word_1_17' title='bbox 1109 540 1147 605; x_wconf 82' lang='lat' dir='ltr'><strong>de</strong></span> <span class='ocrx_word' id='word_1_18' title='bbox 1160 538 1368 607; x_wconf 62' lang='lat' dir='ltr'><strong>Fouendum</strong></span> <span class='ocrx_word' id='word_1_19' title='bbox 1389 549 1421 603; x_wconf 79' lang='lat' dir='ltr'><strong>et</strong></span> <span class='ocrx_word' id='word_1_20' title='bbox 1436 538 1477 603; x_wconf 69' lang='lat' dir='ltr'><strong>de</strong></span> 
     </span>
     <span class='ocr_line' id='line_1_4' title="bbox 395 651 1476 745; baseline -0.001 -24"><span class='ocrx_word' id='word_1_21' title='bbox 395 656 503 723; x_wconf 76' lang='lat' dir='ltr'><strong>attan</strong></span> <span class='ocrx_word' id='word_1_22' title='bbox 517 654 737 745; x_wconf 72' lang='lat' dir='ltr'><strong>Hmfeldenei.</strong></span> <span class='ocrx_word' id='word_1_23' title='bbox 1334 651 1390 736; x_wconf 67' lang='lat' dir='ltr'><strong>(bb</strong></span> <span class='ocrx_word' id='word_1_24' title='bbox 1407 653 1476 735; x_wconf 81' lang='lat'><strong>82.)</strong></span> 
     </span>
    </p>
   </div>
   <div class='ocr_carea' id='block_1_3' title="bbox 194 786 1483 1817">
    <p class='ocr_par' dir='ltr' id='par_1_3' title="bbox 218 786 1478 1087">
     <span class='ocr_line' id='line_1_5' title="bbox 218 786 1477 871; baseline 0.002 -18"><span class='ocrx_word' id='word_1_25' title='bbox 218 797 288 853; x_wconf 80' lang='lat'>1148</span> <span class='ocrx_word' id='word_1_26' title='bbox 394 786 529 854; x_wconf 89' lang='lat' dir='ltr'><strong>Domino</strong></span> <span class='ocrx_word' id='word_1_27' title='bbox 553 809 608 854; x_wconf 91' lang='lat' dir='ltr'><strong>suo</strong></span> <span class='ocrx_word' id='word_1_28' title='bbox 631 788 803 856; x_wconf 88' lang='lat' dir='ltr'><strong>venerabili</strong></span> <span class='ocrx_word' id='word_1_29' title='bbox 818 786 1001 856; x_wconf 80' lang='lat' dir='ltr'><strong>Corbeiensi</strong></span> <span class='ocrx_word' id='word_1_30' title='bbox 1023 788 1130 857; x_wconf 86' lang='lat' dir='ltr'><strong>abbati</strong></span> <span class='ocrx_word' id='word_1_31' title='bbox 1143 788 1242 855; x_wconf 86' lang='lat' dir='ltr'><strong>frater</strong></span> <span class='ocrx_word' id='word_1_32' title='bbox 1255 787 1477 871; x_wconf 64' lang='lat' dir='ltr'><strong>Muellerum)</strong></span> 
     </span>
     <span class='ocr_line' id='line_1_6' title="bbox 304 902 1478 993; baseline 0.002 -23"><span class='ocrx_word' id='word_1_33' title='bbox 304 904 483 991; x_wconf 89' lang='lat' dir='ltr'><strong>prepositus</strong></span> <span class='ocrx_word' id='word_1_34' title='bbox 506 902 702 973; x_wconf 85' lang='lat' dir='ltr'><strong>Corbeiensis</strong></span> <span class='ocrx_word' id='word_1_35' title='bbox 731 910 799 972; x_wconf 85' lang='lat' dir='ltr'><strong>tarn</strong></span> <span class='ocrx_word' id='word_1_36' title='bbox 827 904 973 972; x_wconf 82' lang='lat' dir='ltr'><strong>devotum</strong></span> <span class='ocrx_word' id='word_1_37' title='bbox 1002 926 1097 992; x_wconf 89' lang='lat' dir='ltr'><strong>qnam</strong></span> <span class='ocrx_word' id='word_1_38' title='bbox 1125 905 1264 974; x_wconf 77' lang='lat' dir='ltr'><strong>debitam</strong></span> <span class='ocrx_word' id='word_1_39' title='bbox 1291 906 1380 993; x_wconf 85' lang='lat' dir='ltr'><strong>patri</strong></span> <span class='ocrx_word' id='word_1_40' title='bbox 1401 904 1478 988; x_wconf 69' lang='lat' dir='ltr'><strong>obe·</strong></span> 
     </span>
     <span class='ocr_line' id='line_1_7' title="bbox 306 1020 466 1087; baseline 0 0"><span class='ocrx_word' id='word_1_41' title='bbox 306 1020 466 1087; x_wconf 76' lang='lat' dir='ltr'><strong>dientim.</strong></span> 
     </span>
    </p>

    <p class='ocr_par' dir='ltr' id='par_1_4' title="bbox 305 1135 1482 1692">
     <span class='ocr_line' id='line_1_8' title="bbox 393 1135 1480 1222; baseline 0 -17"><span class='ocrx_word' id='word_1_42' title='bbox 393 1136 465 1205; x_wconf 88' lang='lat' dir='ltr'><strong>Non</strong></span> <span class='ocrx_word' id='word_1_43' title='bbox 490 1135 635 1205; x_wconf 86' lang='lat' dir='ltr'><strong>videatur</strong></span> <span class='ocrx_word' id='word_1_44' title='bbox 656 1138 745 1205; x_wconf 88' lang='lat' dir='ltr'><strong>uobis</strong></span> <span class='ocrx_word' id='word_1_45' title='bbox 768 1138 897 1222; x_wconf 88' lang='lat' dir='ltr'><strong>durum,</strong></span> <span class='ocrx_word' id='word_1_46' title='bbox 927 1139 955 1204; x_wconf 88' lang='lat' dir='ltr'><strong>si</strong></span> <span class='ocrx_word' id='word_1_47' title='bbox 977 1136 1070 1205; x_wconf 89' lang='lat' dir='ltr'><strong>solito</strong></span> <span class='ocrx_word' id='word_1_48' title='bbox 1093 1138 1244 1205; x_wconf 82' lang='lat' dir='ltr'><strong>attemius</strong></span> <span class='ocrx_word' id='word_1_49' title='bbox 1265 1157 1323 1205; x_wconf 87' lang='lat' dir='ltr'><strong>ros</strong></span> <span class='ocrx_word' id='word_1_50' title='bbox 1344 1157 1480 1205; x_wconf 85' lang='lat' dir='ltr'><strong>revoeu·</strong></span> 
     </span>
     <span class='ocr_line' id='line_1_9' title="bbox 305 1253 1481 1340; baseline 0.002 -20"><span class='ocrx_word' id='word_1_51' title='bbox 305 1274 391 1336; x_wconf 90' lang='lat' dir='ltr'><strong>mns;</strong></span> <span class='ocrx_word' id='word_1_52' title='bbox 416 1254 499 1340; x_wconf 90' lang='lat' dir='ltr'><strong>quia,</strong></span> <span class='ocrx_word' id='word_1_53' title='bbox 524 1254 608 1339; x_wconf 92' lang='lat' dir='ltr'><strong>quod</strong></span> <span class='ocrx_word' id='word_1_54' title='bbox 629 1254 741 1321; x_wconf 88' lang='lat' dir='ltr'><strong>honori</strong></span> <span class='ocrx_word' id='word_1_55' title='bbox 764 1259 869 1321; x_wconf 86' lang='lat' dir='ltr'><strong>vestro</strong></span> <span class='ocrx_word' id='word_1_56' title='bbox 890 1255 1049 1340; x_wconf 88' lang='lat' dir='ltr'><strong>timemus,</strong></span> <span class='ocrx_word' id='word_1_57' title='bbox 1073 1255 1157 1340; x_wconf 91' lang='lat' dir='ltr'><strong>quod</strong></span> <span class='ocrx_word' id='word_1_58' title='bbox 1178 1253 1329 1322; x_wconf 80' lang='lat' dir='ltr'><strong>ecelesiae</strong></span> <span class='ocrx_word' id='word_1_59' title='bbox 1349 1260 1481 1322; x_wconf 77' lang='lat' dir='ltr'><strong>restrae</strong></span> 
     </span>
     <span class='ocr_line' id='line_1_10' title="bbox 305 1368 1481 1457; baseline 0.003 -20"><span class='ocrx_word' id='word_1_60' title='bbox 305 1368 529 1437; x_wconf 84' lang='lat' dir='ltr'><strong>detrimentum</strong></span> <span class='ocrx_word' id='word_1_61' title='bbox 550 1370 771 1455; x_wconf 83' lang='lat' dir='ltr'><strong>formidamus,</strong></span> <span class='ocrx_word' id='word_1_62' title='bbox 801 1391 841 1438; x_wconf 84' lang='lat' dir='ltr'><strong>ex</strong></span> <span class='ocrx_word' id='word_1_63' title='bbox 863 1370 1029 1438; x_wconf 76' lang='lat' dir='ltr'>dilectione</span> <span class='ocrx_word' id='word_1_64' title='bbox 1051 1376 1114 1455; x_wconf 90' lang='lat' dir='ltr'><strong>est,</strong></span> <span class='ocrx_word' id='word_1_65' title='bbox 1138 1392 1201 1457; x_wconf 77' lang='lat' dir='ltr'><strong>qua</strong></span> <span class='ocrx_word' id='word_1_66' title='bbox 1221 1392 1278 1439; x_wconf 83' lang='lat' dir='ltr'><strong>ros</strong></span> <span class='ocrx_word' id='word_1_67' title='bbox 1299 1371 1481 1457; x_wconf 77' lang='lat' dir='ltr'><strong>diligimus,</strong></span> 
     </span>
     <span class='ocr_line' id='line_1_11' title="bbox 306 1485 1482 1575; baseline 0.003 -23"><span class='ocrx_word' id='word_1_68' title='bbox 306 1507 345 1553; x_wconf 85' lang='lat' dir='ltr'><strong>ex</strong></span> <span class='ocrx_word' id='word_1_69' title='bbox 368 1485 429 1553; x_wconf 89' lang='lat' dir='ltr'><strong>lide</strong></span> <span class='ocrx_word' id='word_1_70' title='bbox 452 1492 510 1572; x_wconf 85' lang='lat' dir='ltr'><strong>eet,</strong></span> <span class='ocrx_word' id='word_1_71' title='bbox 534 1508 628 1572; x_wconf 89' lang='lat' dir='ltr'><strong>quam</strong></span> <span class='ocrx_word' id='word_1_72' title='bbox 651 1487 800 1555; x_wconf 77' lang='lat' dir='ltr'><strong>ecelesiae</strong></span> <span class='ocrx_word' id='word_1_73' title='bbox 823 1486 980 1555; x_wconf 84' lang='lat' dir='ltr'><strong>debemus.</strong></span> <span class='ocrx_word' id='word_1_74' title='bbox 1015 1485 1117 1555; x_wconf 85' lang='lat' dir='ltr'><strong>Multa</strong></span> <span class='ocrx_word' id='word_1_75' title='bbox 1138 1488 1293 1575; x_wconf 89' lang='lat' dir='ltr'><strong>siquidem</strong></span> <span class='ocrx_word' id='word_1_76' title='bbox 1315 1488 1405 1575; x_wconf 86' lang='lat' dir='ltr'><strong>apud</strong></span> <span class='ocrx_word' id='word_1_77' title='bbox 1420 1508 1482 1555; x_wconf 89' lang='lat' dir='ltr'><strong>nos</strong></span> 
     </span>
     <span class='ocr_line' id='line_1_12' title="bbox 305 1604 1482 1692; baseline 0.002 -21"><span class='ocrx_word' id='word_1_78' title='bbox 305 1608 466 1688; x_wconf 79' lang='lat' dir='ltr'><strong>geruntur,</strong></span> <span class='ocrx_word' id='word_1_79' title='bbox 488 1624 547 1691; x_wconf 94' lang='lat' dir='ltr'><strong>pro</strong></span> <span class='ocrx_word' id='word_1_80' title='bbox 571 1604 683 1690; x_wconf 89' lang='lat' dir='ltr'><strong>quibus</strong></span> <span class='ocrx_word' id='word_1_81' title='bbox 707 1605 805 1671; x_wconf 85' lang='lat' dir='ltr'><strong>vestri</strong></span> <span class='ocrx_word' id='word_1_82' title='bbox 826 1606 1019 1692; x_wconf 81' lang='lat' dir='ltr'><strong>presentiam</strong></span> <span class='ocrx_word' id='word_1_83' title='bbox 1039 1604 1132 1671; x_wconf 81' lang='lat' dir='ltr'><strong>uelde</strong></span> <span class='ocrx_word' id='word_1_84' title='bbox 1154 1606 1366 1672; x_wconf 88' lang='lat' dir='ltr'><strong>neeessariam</strong></span> <span class='ocrx_word' id='word_1_85' title='bbox 1381 1606 1482 1674; x_wconf 85' lang='lat' dir='ltr'><strong>habe-</strong></span> 
     </span>
    </p>

    <p class='ocr_par' dir='ltr' id='par_1_5' title="bbox 194 1719 1483 1817">
     <span class='ocr_line' id='line_1_13' title="bbox 194 1719 1483 1817; baseline 0.004 -32"><span class='ocrx_word' id='word_1_86' title='bbox 194 1806 199 1817; x_wconf 37' lang='grc' dir='ltr'>Ι</span> <span class='ocrx_word' id='word_1_87' title='bbox 305 1740 391 1805; x_wconf 90' lang='lat' dir='ltr'><strong>mus,</strong></span> <span class='ocrx_word' id='word_1_88' title='bbox 421 1719 460 1787; x_wconf 93' lang='lat' dir='ltr'><strong>de</strong></span> <span class='ocrx_word' id='word_1_89' title='bbox 488 1719 600 1805; x_wconf 91' lang='lat' dir='ltr'><strong>quibus</strong></span> <span class='ocrx_word' id='word_1_90' title='bbox 627 1721 696 1808; x_wconf 91' lang='lat' dir='ltr'><strong>ipse</strong></span> <span class='ocrx_word' id='word_1_91' title='bbox 722 1742 852 1809; x_wconf 86' lang='lat' dir='ltr'><strong>presens</strong></span> <span class='ocrx_word' id='word_1_92' title='bbox 876 1721 1085 1788; x_wconf 89' lang='lat' dir='ltr'><strong>abundantius</strong></span> <span class='ocrx_word' id='word_1_93' title='bbox 1107 1721 1270 1807; x_wconf 84' lang='lat' dir='ltr'><strong>uidebitis,</strong></span> <span class='ocrx_word' id='word_1_94' title='bbox 1298 1742 1398 1807; x_wconf 88' lang='lat' dir='ltr'><strong>quam</strong></span> <span class='ocrx_word' id='word_1_95' title='bbox 1421 1742 1483 1790; x_wconf 91' lang='lat' dir='ltr'><strong>nos</strong></span> 
     </span>
    </p>
   </div>
   <div class='ocr_carea' id='block_1_4' title="bbox 305 1954 1485 4258">
    <p class='ocr_par' dir='ltr' id='par_1_6' title="bbox 305 1954 1485 4258">
     <span class='ocr_line' id='line_1_14' title="bbox 306 1954 1483 2042; baseline 0.003 -23"><span class='ocrx_word' id='word_1_96' title='bbox 306 1972 428 2021; x_wconf 89' lang='lat' dir='ltr'><strong>moram</strong></span> <span class='ocrx_word' id='word_1_97' title='bbox 453 1954 606 2039; x_wconf 85' lang='lat' dir='ltr'><strong>ieeeritis,</strong></span> <span class='ocrx_word' id='word_1_98' title='bbox 635 1959 766 2042; x_wconf 91' lang='lat' dir='ltr'><strong>propter</strong></span> <span class='ocrx_word' id='word_1_99' title='bbox 789 1954 964 2021; x_wconf 80' lang='lat' dir='ltr'><strong>absentiam</strong></span> <span class='ocrx_word' id='word_1_100' title='bbox 985 1960 1125 2021; x_wconf 85' lang='lat' dir='ltr'><strong>restrum</strong></span> <span class='ocrx_word' id='word_1_101' title='bbox 1145 1955 1254 2021; x_wconf 83' lang='lat' dir='ltr'><strong>futura</strong></span> <span class='ocrx_word' id='word_1_102' title='bbox 1274 1976 1344 2023; x_wconf 86' lang='lat' dir='ltr'><strong>esse</strong></span> <span class='ocrx_word' id='word_1_103' title='bbox 1366 1956 1483 2023; x_wconf 88' lang='lat' dir='ltr'><strong>formi-</strong></span> 
     </span>
     <span class='ocr_line' id='line_1_15' title="bbox 306 2069 1485 2158; baseline 0.002 -22"><span class='ocrx_word' id='word_1_104' title='bbox 306 2069 426 2137; x_wconf 87' lang='lat' dir='ltr'><strong>damus.</strong></span> <span class='ocrx_word' id='word_1_105' title='bbox 461 2070 532 2136; x_wconf 85' lang='lat' dir='ltr'><strong>Una</strong></span> <span class='ocrx_word' id='word_1_106' title='bbox 554 2071 670 2137; x_wconf 86' lang='lat' dir='ltr'><strong>etenim</strong></span> <span class='ocrx_word' id='word_1_107' title='bbox 693 2092 764 2156; x_wconf 83' lang='lat' dir='ltr'><strong>vox,</strong></span> <span class='ocrx_word' id='word_1_108' title='bbox 788 2071 898 2138; x_wconf 85' lang='lat' dir='ltr'><strong>eadem</strong></span> <span class='ocrx_word' id='word_1_109' title='bbox 920 2072 1078 2139; x_wconf 80' lang='lat' dir='ltr'><strong>sententia</strong></span> <span class='ocrx_word' id='word_1_110' title='bbox 1095 2072 1246 2157; x_wconf 90' lang='lat' dir='ltr'><strong>omnium,</strong></span> <span class='ocrx_word' id='word_1_111' title='bbox 1270 2073 1325 2158; x_wconf 90' lang='lat' dir='ltr'><strong>qui</strong></span> <span class='ocrx_word' id='word_1_112' title='bbox 1339 2072 1485 2157; x_wconf 82' lang='lat' dir='ltr'><strong>diligunt</strong></span> 
     </span>
     <span class='ocr_line' id='line_1_16' title="bbox 305 2186 1483 2275; baseline 0.002 -22"><span class='ocrx_word' id='word_1_113' title='bbox 305 2206 377 2253; x_wconf 87' lang='lat' dir='ltr'><strong>ros:</strong></span> <span class='ocrx_word' id='word_1_114' title='bbox 407 2186 484 2253; x_wconf 86' lang='lat' dir='ltr'><strong>utile</strong></span> <span class='ocrx_word' id='word_1_115' title='bbox 513 2207 597 2272; x_wconf 90' lang='lat' dir='ltr'><strong>esse,</strong></span> <span class='ocrx_word' id='word_1_116' title='bbox 627 2188 710 2274; x_wconf 92' lang='lat' dir='ltr'><strong>quod</strong></span> <span class='ocrx_word' id='word_1_117' title='bbox 733 2188 850 2274; x_wconf 87' lang='lat' dir='ltr'><strong>absque</strong></span> <span class='ocrx_word' id='word_1_118' title='bbox 874 2186 1023 2255; x_wconf 87' lang='lat' dir='ltr'><strong>dilatione</strong></span> <span class='ocrx_word' id='word_1_119' title='bbox 1044 2188 1182 2255; x_wconf 88' lang='lat' dir='ltr'><strong>redeatis</strong></span> <span class='ocrx_word' id='word_1_120' title='bbox 1210 2194 1257 2274; x_wconf 92' lang='lat' dir='ltr'><strong>et,</strong></span> <span class='ocrx_word' id='word_1_121' title='bbox 1278 2208 1320 2256; x_wconf 93' lang='lat' dir='ltr'><strong>ne</strong></span> <span class='ocrx_word' id='word_1_122' title='bbox 1342 2208 1410 2275; x_wconf 87' lang='lat' dir='ltr'><strong>qua</strong></span> <span class='ocrx_word' id='word_1_123' title='bbox 1433 2192 1483 2255; x_wconf 89' lang='lat' dir='ltr'><strong>in·</strong></span> 
     </span>
     <span class='ocr_line' id='line_1_17' title="bbox 306 2304 1484 2392; baseline 0.001 -21"><span class='ocrx_word' id='word_1_124' title='bbox 306 2304 523 2371; x_wconf 75' lang='lat' dir='ltr'><strong>convenientia</strong></span> <span class='ocrx_word' id='word_1_125' title='bbox 546 2304 631 2391; x_wconf 91' lang='lat' dir='ltr'><strong>apud</strong></span> <span class='ocrx_word' id='word_1_126' title='bbox 651 2324 709 2371; x_wconf 92' lang='lat' dir='ltr'><strong>nos</strong></span> <span class='ocrx_word' id='word_1_127' title='bbox 733 2305 891 2388; x_wconf 84' lang='lat' dir='ltr'><strong>oriantur,</strong></span> <span class='ocrx_word' id='word_1_128' title='bbox 922 2324 1002 2390; x_wconf 88' lang='lat' dir='ltr'><strong>quae</strong></span> <span class='ocrx_word' id='word_1_129' title='bbox 1022 2305 1225 2392; x_wconf 87' lang='lat' dir='ltr'><strong>postmodum</strong></span> <span class='ocrx_word' id='word_1_130' title='bbox 1247 2326 1319 2371; x_wconf 91' lang='lat' dir='ltr'><strong>oum</strong></span> <span class='ocrx_word' id='word_1_131' title='bbox 1341 2304 1484 2372; x_wconf 76' lang='lat' dir='ltr'><strong>difficul-</strong></span> 
     </span>
     <span class='ocr_line' id='line_1_18' title="bbox 306 2419 1483 2508; baseline 0.003 -23"><span class='ocrx_word' id='word_1_132' title='bbox 306 2423 372 2486; x_wconf 82' lang='lat' dir='ltr'><strong>tate</strong></span> <span class='ocrx_word' id='word_1_133' title='bbox 398 2420 529 2506; x_wconf 88' lang='lat' dir='ltr'><strong>reprimi</strong></span> <span class='ocrx_word' id='word_1_134' title='bbox 552 2425 710 2508; x_wconf 88' lang='lat' dir='ltr'><strong>oporteat,</strong></span> <span class='ocrx_word' id='word_1_135' title='bbox 741 2420 945 2507; x_wconf 81' lang='lat' dir='ltr'><strong>precaveatis.</strong></span> <span class='ocrx_word' id='word_1_136' title='bbox 979 2419 1071 2488; x_wconf 89' lang='lat' dir='ltr'><strong>Lioet</strong></span> <span class='ocrx_word' id='word_1_137' title='bbox 1091 2423 1176 2487; x_wconf 87' lang='lat' dir='ltr'><strong>enim</strong></span> <span class='ocrx_word' id='word_1_138' title='bbox 1197 2440 1261 2487; x_wconf 91' lang='lat' dir='ltr'><strong>non</strong></span> <span class='ocrx_word' id='word_1_139' title='bbox 1282 2422 1483 2507; x_wconf 83' lang='lat' dir='ltr'><strong>ignoremus,</strong></span> 
     </span>
     <span class='ocr_line' id='line_1_19' title="bbox 307 2536 1484 2624; baseline 0.003 -23"><span class='ocrx_word' id='word_1_140' title='bbox 307 2536 400 2622; x_wconf 80' lang='lat' dir='ltr'><strong>quod,</strong></span> <span class='ocrx_word' id='word_1_141' title='bbox 422 2537 451 2603; x_wconf 92' lang='lat' dir='ltr'><strong>si</strong></span> <span class='ocrx_word' id='word_1_142' title='bbox 466 2536 747 2624; x_wconf 88' lang='lat' dir='ltr'><strong>inpresentiarum</strong></span> <span class='ocrx_word' id='word_1_143' title='bbox 763 2537 932 2621; x_wconf 86' lang='lat' dir='ltr'><strong>redieritis,</strong></span> <span class='ocrx_word' id='word_1_144' title='bbox 955 2558 1113 2604; x_wconf 83' lang='lat' dir='ltr'><strong>annonam</strong></span> <span class='ocrx_word' id='word_1_145' title='bbox 1128 2557 1253 2603; x_wconf 89' lang='lat' dir='ltr'><strong>omnem</strong></span> <span class='ocrx_word' id='word_1_146' title='bbox 1269 2538 1377 2624; x_wconf 88' lang='lat' dir='ltr'><strong>preoio</strong></span> <span class='ocrx_word' id='word_1_147' title='bbox 1393 2556 1484 2605; x_wconf 87' lang='lat' dir='ltr'><strong>oom-</strong></span> 
     </span>
     <span class='ocr_line' id='line_1_20' title="bbox 306 2652 1484 2742; baseline 0.003 -22"><span class='ocrx_word' id='word_1_148' title='bbox 306 2673 419 2741; x_wconf 89' lang='lat' dir='ltr'><strong>parare</strong></span> <span class='ocrx_word' id='word_1_149' title='bbox 442 2652 592 2739; x_wconf 90' lang='lat' dir='ltr'><strong>debeatis,</strong></span> <span class='ocrx_word' id='word_1_150' title='bbox 615 2674 679 2720; x_wconf 91' lang='lat' dir='ltr'><strong>non</strong></span> <span class='ocrx_word' id='word_1_151' title='bbox 702 2660 809 2720; x_wconf 87' lang='lat' dir='ltr'><strong>tamen</strong></span> <span class='ocrx_word' id='word_1_152' title='bbox 827 2654 952 2721; x_wconf 83' lang='lat' dir='ltr'><strong>ridetur</strong></span> <span class='ocrx_word' id='word_1_153' title='bbox 966 2654 1057 2722; x_wconf 88' lang='lat' dir='ltr'><strong>nobis</strong></span> <span class='ocrx_word' id='word_1_154' title='bbox 1072 2659 1186 2738; x_wconf 91' lang='lat' dir='ltr'><strong>tutum,</strong></span> <span class='ocrx_word' id='word_1_155' title='bbox 1211 2654 1484 2742; x_wconf 81' lang='lat' dir='ltr'><strong>quodpropterea</strong></span> 
     </span>
     <span class='ocr_line' id='line_1_21' title="bbox 307 2768 1484 2858; baseline 0.003 -23"><span class='ocrx_word' id='word_1_156' title='bbox 307 2768 425 2837; x_wconf 90' lang='lat' dir='ltr'><strong>diutius</strong></span> <span class='ocrx_word' id='word_1_157' title='bbox 446 2770 645 2855; x_wconf 86' lang='lat' dir='ltr'><strong>remaneatis,</strong></span> <span class='ocrx_word' id='word_1_158' title='bbox 670 2775 718 2838; x_wconf 88' lang='lat' dir='ltr'><strong>set</strong></span> <span class='ocrx_word' id='word_1_159' title='bbox 735 2771 845 2838; x_wconf 89' lang='lat' dir='ltr'><strong>statim</strong></span> <span class='ocrx_word' id='word_1_160' title='bbox 858 2776 932 2858; x_wconf 91' lang='lat' dir='ltr'><strong>post</strong></span> <span class='ocrx_word' id='word_1_161' title='bbox 953 2777 1096 2858; x_wconf 88' lang='lat' dir='ltr'><strong>aooeptas</strong></span> <span class='ocrx_word' id='word_1_162' title='bbox 1118 2770 1241 2837; x_wconf 85' lang='lat' dir='ltr'><strong>litteras</strong></span> <span class='ocrx_word' id='word_1_163' title='bbox 1263 2770 1321 2837; x_wconf 86' lang='lat' dir='ltr'><strong>bas</strong></span> <span class='ocrx_word' id='word_1_164' title='bbox 1343 2771 1385 2837; x_wconf 92' lang='lat' dir='ltr'><strong>de</strong></span> <span class='ocrx_word' id='word_1_165' title='bbox 1407 2771 1484 2838; x_wconf 90' lang='lat' dir='ltr'><strong>red-</strong></span> 
     </span>
     <span class='ocr_line' id='line_1_22' title="bbox 307 2886 1483 2975; baseline 0.003 -23"><span class='ocrx_word' id='word_1_166' title='bbox 307 2887 355 2952; x_wconf 89' lang='lat' dir='ltr'><strong>itu</strong></span> <span class='ocrx_word' id='word_1_167' title='bbox 381 2891 486 2953; x_wconf 85' lang='lat' dir='ltr'><strong>restro</strong></span> <span class='ocrx_word' id='word_1_168' title='bbox 517 2887 707 2975; x_wconf 89' lang='lat' dir='ltr'><strong>disponatis,</strong></span> <span class='ocrx_word' id='word_1_169' title='bbox 737 2888 812 2973; x_wconf 86' lang='lat' dir='ltr'><strong>quia</strong></span> <span class='ocrx_word' id='word_1_170' title='bbox 838 2888 947 2973; x_wconf 90' lang='lat' dir='ltr'><strong>utique</strong></span> <span class='ocrx_word' id='word_1_171' title='bbox 974 2886 1164 2955; x_wconf 85' lang='lat' dir='ltr'><strong>laudabilius</strong></span> <span class='ocrx_word' id='word_1_172' title='bbox 1187 2891 1237 2954; x_wconf 89' lang='lat' dir='ltr'><strong>est</strong></span> <span class='ocrx_word' id='word_1_173' title='bbox 1258 2891 1290 2953; x_wconf 92' lang='lat' dir='ltr'><strong>et</strong></span> <span class='ocrx_word' id='word_1_174' title='bbox 1310 2887 1405 2955; x_wconf 84' lang='lat' dir='ltr'><strong>nobis</strong></span> <span class='ocrx_word' id='word_1_175' title='bbox 1428 2906 1483 2955; x_wconf 82' lang='lat' dir='ltr'><strong>ea-</strong></span> 
     </span>
     <span class='ocr_line' id='line_1_23' title="bbox 306 3002 1483 3091; baseline 0.002 -22"><span class='ocrx_word' id='word_1_176' title='bbox 306 3002 389 3087; x_wconf 89' lang='lat' dir='ltr'><strong>rius,</strong></span> <span class='ocrx_word' id='word_1_177' title='bbox 418 3003 501 3088; x_wconf 90' lang='lat' dir='ltr'><strong>quod</strong></span> <span class='ocrx_word' id='word_1_178' title='bbox 527 3008 691 3088; x_wconf 80' lang='lat' dir='ltr'><strong>argentum</strong></span> <span class='ocrx_word' id='word_1_179' title='bbox 713 3010 855 3070; x_wconf 85' lang='lat' dir='ltr'><strong>vestrum</strong></span> <span class='ocrx_word' id='word_1_180' title='bbox 877 3025 972 3089; x_wconf 90' lang='lat' dir='ltr'><strong>quam</strong></span> <span class='ocrx_word' id='word_1_181' title='bbox 993 3004 1145 3071; x_wconf 89' lang='lat' dir='ltr'><strong>honorem</strong></span> <span class='ocrx_word' id='word_1_182' title='bbox 1166 3003 1316 3091; x_wconf 84' lang='lat' dir='ltr'><strong>perdatis.</strong></span> <span class='ocrx_word' id='word_1_183' title='bbox 1353 3002 1483 3071; x_wconf 81' lang='lat' dir='ltr'><strong>Scimus</strong></span> 
     </span>
     <span class='ocr_line' id='line_1_24' title="bbox 308 3118 1484 3206; baseline 0.003 -21"><span class='ocrx_word' id='word_1_184' title='bbox 308 3120 414 3203; x_wconf 86' lang='lat' dir='ltr'><strong>etiam,</strong></span> <span class='ocrx_word' id='word_1_185' title='bbox 438 3118 531 3205; x_wconf 91' lang='lat' dir='ltr'><strong>quod,</strong></span> <span class='ocrx_word' id='word_1_186' title='bbox 555 3138 626 3186; x_wconf 91' lang='lat' dir='ltr'><strong>oum</strong></span> <span class='ocrx_word' id='word_1_187' title='bbox 641 3120 801 3205; x_wconf 87' lang='lat' dir='ltr'><strong>veneritis,</strong></span> <span class='ocrx_word' id='word_1_188' title='bbox 824 3119 926 3187; x_wconf 83' lang='lat' dir='ltr'><strong>multa</strong></span> <span class='ocrx_word' id='word_1_189' title='bbox 942 3140 1023 3206; x_wconf 88' lang='lat' dir='ltr'><strong>quae</strong></span> <span class='ocrx_word' id='word_1_190' title='bbox 1044 3140 1146 3205; x_wconf 89' lang='lat' dir='ltr'><strong>neque</strong></span> <span class='ocrx_word' id='word_1_191' title='bbox 1167 3121 1358 3187; x_wconf 78' lang='lat' dir='ltr'><strong>camerarius</strong></span> <span class='ocrx_word' id='word_1_192' title='bbox 1373 3127 1484 3188; x_wconf 77' lang='lat' dir='ltr'><strong>vester</strong></span> 
     </span>
     <span class='ocr_line' id='line_1_25' title="bbox 307 3237 1483 3324; baseline 0.003 -23"><span class='ocrx_word' id='word_1_193' title='bbox 307 3254 409 3321; x_wconf 85' lang='lat' dir='ltr'><strong>neque</strong></span> <span class='ocrx_word' id='word_1_194' title='bbox 431 3255 489 3301; x_wconf 90' lang='lat' dir='ltr'><strong>nos</strong></span> <span class='ocrx_word' id='word_1_195' title='bbox 513 3256 695 3322; x_wconf 86' lang='lat' dir='ltr'><strong>possumus,</strong></span> <span class='ocrx_word' id='word_1_196' title='bbox 726 3258 784 3324; x_wconf 89' lang='lat' dir='ltr'><strong>per</strong></span> <span class='ocrx_word' id='word_1_197' title='bbox 805 3258 862 3305; x_wconf 83' lang='lat' dir='ltr'><strong>vos</strong></span> <span class='ocrx_word' id='word_1_198' title='bbox 885 3237 1071 3323; x_wconf 88' lang='lat' dir='ltr'><strong>aequiretis,</strong></span> <span class='ocrx_word' id='word_1_199' title='bbox 1100 3237 1175 3322; x_wconf 85' lang='lat' dir='ltr'><strong>quia</strong></span> <span class='ocrx_word' id='word_1_200' title='bbox 1195 3256 1252 3303; x_wconf 83' lang='lat' dir='ltr'><strong>ros</strong></span> <span class='ocrx_word' id='word_1_201' title='bbox 1273 3257 1332 3324; x_wconf 88' lang='lat' dir='ltr'><strong>per</strong></span> <span class='ocrx_word' id='word_1_202' title='bbox 1352 3238 1483 3305; x_wconf 85' lang='lat' dir='ltr'><strong>miseri-</strong></span> 
     </span>
     <span class='ocr_line' id='line_1_26' title="bbox 308 3350 1482 3440; baseline 0.003 -23"><span class='ocrx_word' id='word_1_203' title='bbox 308 3350 445 3418; x_wconf 86' lang='lat' dir='ltr'><strong>oordiam</strong></span> <span class='ocrx_word' id='word_1_204' title='bbox 468 3351 530 3419; x_wconf 93' lang='lat' dir='ltr'><strong>Dei</strong></span> <span class='ocrx_word' id='word_1_205' title='bbox 558 3352 654 3420; x_wconf 86' lang='lat' dir='ltr'><strong>talem</strong></span> <span class='ocrx_word' id='word_1_206' title='bbox 683 3372 752 3420; x_wconf 89' lang='lat' dir='ltr'><strong>esse</strong></span> <span class='ocrx_word' id='word_1_207' title='bbox 781 3353 913 3438; x_wconf 86' lang='lat' dir='ltr'><strong>seimus,</strong></span> <span class='ocrx_word' id='word_1_208' title='bbox 943 3356 998 3440; x_wconf 92' lang='lat' dir='ltr'><strong>qui</strong></span> <span class='ocrx_word' id='word_1_209' title='bbox 1026 3359 1059 3421; x_wconf 87' lang='lat' dir='ltr'><strong>ot</strong></span> <span class='ocrx_word' id='word_1_210' title='bbox 1085 3354 1176 3421; x_wconf 86' lang='lat' dir='ltr'><strong>vobis</strong></span> <span class='ocrx_word' id='word_1_211' title='bbox 1197 3358 1230 3419; x_wconf 93' lang='lat' dir='ltr'><strong>et</strong></span> <span class='ocrx_word' id='word_1_212' title='bbox 1249 3353 1341 3421; x_wconf 87' lang='lat' dir='ltr'><strong>nobis</strong></span> <span class='ocrx_word' id='word_1_213' title='bbox 1364 3353 1482 3420; x_wconf 84' lang='lat' dir='ltr'><strong>solatio</strong></span> 
     </span>
     <span class='ocr_line' id='line_1_27' title="bbox 308 3468 1482 3556; baseline 0.002 -21"><span class='ocrx_word' id='word_1_214' title='bbox 308 3486 377 3535; x_wconf 87' lang='lat' dir='ltr'><strong>esse</strong></span> <span class='ocrx_word' id='word_1_215' title='bbox 403 3468 541 3554; x_wconf 87' lang='lat' dir='ltr'><strong>possitis.</strong></span> <span class='ocrx_word' id='word_1_216' title='bbox 580 3469 652 3536; x_wconf 90' lang='lat' dir='ltr'><strong>Non</strong></span> <span class='ocrx_word' id='word_1_217' title='bbox 678 3475 805 3537; x_wconf 90' lang='lat' dir='ltr'><strong>moveat</strong></span> <span class='ocrx_word' id='word_1_218' title='bbox 832 3490 905 3555; x_wconf 83' lang='lat' dir='ltr'><strong>ros,</strong></span> <span class='ocrx_word' id='word_1_219' title='bbox 933 3471 1018 3556; x_wconf 86' lang='lat' dir='ltr'><strong>quod</strong></span> <span class='ocrx_word' id='word_1_220' title='bbox 1044 3470 1173 3537; x_wconf 90' lang='lat' dir='ltr'><strong>domum</strong></span> <span class='ocrx_word' id='word_1_221' title='bbox 1201 3469 1243 3536; x_wconf 87' lang='lat' dir='ltr'><strong>ad</strong></span> <span class='ocrx_word' id='word_1_222' title='bbox 1269 3470 1482 3537; x_wconf 84' lang='lat' dir='ltr'><strong>habitandum</strong></span> 
     </span>
     <span class='ocr_line' id='line_1_28' title="bbox 306 3584 1480 3674; baseline 0.001 -21"><span class='ocrx_word' id='word_1_223' title='bbox 306 3604 371 3653; x_wconf 92' lang='lat' dir='ltr'><strong>non</strong></span> <span class='ocrx_word' id='word_1_224' title='bbox 398 3584 521 3653; x_wconf 85' lang='lat' dir='ltr'><strong>habetis</strong></span> <span class='ocrx_word' id='word_1_225' title='bbox 550 3585 634 3673; x_wconf 89' lang='lat' dir='ltr'><strong>apud</strong></span> <span class='ocrx_word' id='word_1_226' title='bbox 662 3606 736 3671; x_wconf 93' lang='lat' dir='ltr'><strong>nos,</strong></span> <span class='ocrx_word' id='word_1_227' title='bbox 766 3588 842 3673; x_wconf 88' lang='lat' dir='ltr'><strong>quia</strong></span> <span class='ocrx_word' id='word_1_228' title='bbox 863 3588 948 3674; x_wconf 91' lang='lat' dir='ltr'><strong>apud</strong></span> <span class='ocrx_word' id='word_1_229' title='bbox 970 3586 1122 3654; x_wconf 86' lang='lat' dir='ltr'><strong>Sanetum</strong></span> <span class='ocrx_word' id='word_1_230' title='bbox 1142 3584 1331 3653; x_wconf 76' lang='lat' dir='ltr'><strong>Martinam·</strong></span> <span class='ocrx_word' id='word_1_231' title='bbox 1353 3586 1480 3655; x_wconf 80' lang='lat' dir='ltr'><strong>hubita-</strong></span> 
     </span>
     <span class='ocr_line' id='line_1_29' title="bbox 307 3700 1479 3790; baseline 0.002 -21"><span class='ocrx_word' id='word_1_232' title='bbox 307 3700 413 3769; x_wconf 87' lang='lat' dir='ltr'><strong>eulum</strong></span> <span class='ocrx_word' id='word_1_233' title='bbox 434 3702 526 3769; x_wconf 89' lang='lat' dir='ltr'><strong>valde</strong></span> <span class='ocrx_word' id='word_1_234' title='bbox 548 3702 746 3769; x_wconf 90' lang='lat' dir='ltr'><strong>oommodum</strong></span> <span class='ocrx_word' id='word_1_235' title='bbox 769 3708 802 3771; x_wconf 92' lang='lat' dir='ltr'><strong>et</strong></span> <span class='ocrx_word' id='word_1_236' title='bbox 822 3708 978 3770; x_wconf 74' lang='lat' dir='ltr'><strong>secretum</strong></span> <span class='ocrx_word' id='word_1_237' title='bbox 998 3724 1098 3790; x_wconf 87' lang='lat' dir='ltr'><strong>usque</strong></span> <span class='ocrx_word' id='word_1_238' title='bbox 1118 3704 1160 3771; x_wconf 86' lang='lat' dir='ltr'><strong>ad</strong></span> <span class='ocrx_word' id='word_1_239' title='bbox 1174 3704 1479 3771; x_wconf 80' lang='lat' dir='ltr'><strong>consummationem</strong></span> 
     </span>
     <span class='ocr_line' id='line_1_30' title="bbox 308 3818 1480 3905; baseline 0.003 -20"><span class='ocrx_word' id='word_1_240' title='bbox 308 3818 418 3885; x_wconf 83' lang='lat' dir='ltr'><strong>domus</strong></span> <span class='ocrx_word' id='word_1_241' title='bbox 439 3824 564 3885; x_wconf 80' lang='lat' dir='ltr'><strong>restrae</strong></span> <span class='ocrx_word' id='word_1_242' title='bbox 586 3819 674 3886; x_wconf 88' lang='lat' dir='ltr'><strong>vobis</strong></span> <span class='ocrx_word' id='word_1_243' title='bbox 696 3820 902 3905; x_wconf 76' lang='lat' dir='ltr'><strong>previdimus,</strong></span> <span class='ocrx_word' id='word_1_244' title='bbox 924 3820 980 3887; x_wconf 92' lang='lat' dir='ltr'><strong>ubi</strong></span> <span class='ocrx_word' id='word_1_245' title='bbox 1001 3840 1075 3887; x_wconf 90' lang='lat' dir='ltr'><strong>oum</strong></span> <span class='ocrx_word' id='word_1_246' title='bbox 1096 3822 1182 3886; x_wconf 92' lang='lat' dir='ltr'><strong>omni</strong></span> <span class='ocrx_word' id='word_1_247' title='bbox 1197 3821 1363 3887; x_wconf 85' lang='lat' dir='ltr'><strong>devotione</strong></span> <span class='ocrx_word' id='word_1_248' title='bbox 1376 3820 1480 3888; x_wconf 91' lang='lat' dir='ltr'><strong>liben-</strong></span> 
     </span>
     <span class='ocr_line' id='line_1_31' title="bbox 307 3935 1477 4024; baseline -0.001 -21"><span class='ocrx_word' id='word_1_249' title='bbox 307 3940 357 4003; x_wconf 88' lang='lat' dir='ltr'><strong>ter</strong></span> <span class='ocrx_word' id='word_1_250' title='bbox 389 3936 453 4023; x_wconf 86' lang='lat' dir='ltr'><strong>ipsi</strong></span> <span class='ocrx_word' id='word_1_251' title='bbox 485 3935 575 4002; x_wconf 87' lang='lat' dir='ltr'><strong>uobis</strong></span> <span class='ocrx_word' id='word_1_252' title='bbox 609 3936 797 4021; x_wconf 88' lang='lat' dir='ltr'><strong>serviemus,</strong></span> <span class='ocrx_word' id='word_1_253' title='bbox 834 3942 958 4004; x_wconf 88' lang='lat' dir='ltr'><strong>tanturn</strong></span> <span class='ocrx_word' id='word_1_254' title='bbox 990 3942 1171 4024; x_wconf 88' lang='lat' dir='ltr'><strong>presentem</strong></span> <span class='ocrx_word' id='word_1_255' title='bbox 1203 3956 1260 4004; x_wconf 85' lang='lat' dir='ltr'><strong>vos</strong></span> <span class='ocrx_word' id='word_1_256' title='bbox 1293 3936 1477 4004; x_wconf 88' lang='lat' dir='ltr'><strong>habeamus.</strong></span> 
     </span>
     <span class='ocr_line' id='line_1_32' title="bbox 307 4052 1478 4121; baseline 0 -2"><span class='ocrx_word' id='word_1_257' title='bbox 307 4052 477 4120; x_wconf 83' lang='lat' dir='ltr'><strong>Annonam</strong></span> <span class='ocrx_word' id='word_1_258' title='bbox 510 4052 644 4119; x_wconf 68' lang='lat' dir='ltr'><strong>flatrum</strong></span> <span class='ocrx_word' id='word_1_259' title='bbox 678 4053 838 4121; x_wconf 81' lang='lat' dir='ltr'><strong>ivilliois</strong></span> <span class='ocrx_word' id='word_1_260' title='bbox 872 4055 990 4121; x_wconf 90' lang='lat' dir='ltr'><strong>nostris</strong></span> <span class='ocrx_word' id='word_1_261' title='bbox 1021 4059 1076 4121; x_wconf 91' lang='lat' dir='ltr'><strong>aut</strong></span> <span class='ocrx_word' id='word_1_262' title='bbox 1103 4054 1160 4121; x_wconf 83' lang='lat' dir='ltr'><strong>rix</strong></span> <span class='ocrx_word' id='word_1_263' title='bbox 1188 4059 1244 4121; x_wconf 88' lang='lat' dir='ltr'><strong>ant</strong></span> <span class='ocrx_word' id='word_1_264' title='bbox 1268 4052 1356 4120; x_wconf 91' lang='lat' dir='ltr'><strong>nullo</strong></span> <span class='ocrx_word' id='word_1_265' title='bbox 1382 4054 1478 4121; x_wconf 91' lang='lat' dir='ltr'><strong>modo</strong></span> 
     </span>
     <span class='ocr_line' id='line_1_33' title="bbox 309 4170 1477 4258; baseline 0.002 -22"><span class='ocrx_word' id='word_1_266' title='bbox 309 4174 494 4257; x_wconf 82' lang='lat' dir='ltr'><strong>extorquere</strong></span> <span class='ocrx_word' id='word_1_267' title='bbox 517 4170 582 4236; x_wconf 91' lang='lat' dir='ltr'><strong>iam</strong></span> <span class='ocrx_word' id='word_1_268' title='bbox 604 4189 780 4257; x_wconf 89' lang='lat' dir='ltr'><strong>possumus.</strong></span> <span class='ocrx_word' id='word_1_269' title='bbox 849 4170 1021 4237; x_wconf 84' lang='lat' dir='ltr'><strong>Fuldenaes</strong></span> <span class='ocrx_word' id='word_1_270' title='bbox 1042 4170 1263 4239; x_wconf 88' lang='lat' dir='ltr'><strong>niobilominus</strong></span> <span class='ocrx_word' id='word_1_271' title='bbox 1282 4171 1477 4258; x_wconf 83' lang='lat' dir='ltr'><strong>presentium</strong></span> 
     </span>
    </p>
   </div>
   <div class='ocr_carea' id='block_1_5' title="bbox 308 4286 1476 4460">
    <p class='ocr_par' dir='ltr' id='par_1_7' title="bbox 308 4286 1476 4460">
     <span class='ocr_line' id='line_1_34' title="bbox 308 4286 1476 4375; baseline 0.002 -22"><span class='ocrx_word' id='word_1_272' title='bbox 308 4291 446 4355; x_wconf 87' lang='lat' dir='ltr'><strong>vestram</strong></span> <span class='ocrx_word' id='word_1_273' title='bbox 473 4286 572 4353; x_wconf 88' lang='lat' dir='ltr'><strong>multo</strong></span> <span class='ocrx_word' id='word_1_274' title='bbox 601 4286 757 4354; x_wconf 81' lang='lat' dir='ltr'><strong>desiderio</strong></span> <span class='ocrx_word' id='word_1_275' title='bbox 785 4292 967 4375; x_wconf 81' lang='lat' dir='ltr'><strong>expeetant,</strong></span> <span class='ocrx_word' id='word_1_276' title='bbox 998 4288 1073 4374; x_wconf 91' lang='lat' dir='ltr'><strong>quia</strong></span> <span class='ocrx_word' id='word_1_277' title='bbox 1099 4287 1251 4355; x_wconf 88' lang='lat' dir='ltr'><strong>aeoolesia</strong></span> <span class='ocrx_word' id='word_1_278' title='bbox 1278 4286 1365 4373; x_wconf 62' lang='lat' dir='ltr'><strong>sual,</strong></span> <span class='ocrx_word' id='word_1_279' title='bbox 1396 4306 1476 4374; x_wconf 81' lang='lat' dir='ltr'><strong>quae</strong></span> 
     </span>
     <span class='ocr_line' id='line_1_35' title="bbox 370 4411 693 4460; baseline 0.003 -1"><span class='ocrx_word' id='word_1_280' title='bbox 370 4424 391 4459; x_wconf 84' lang='grc' dir='ltr'><strong>ι.</strong></span> <span class='ocrx_word' id='word_1_281' title='bbox 411 4411 478 4459; x_wconf 72' lang='lat' dir='ltr'><strong>usn.</strong></span> <span class='ocrx_word' id='word_1_282' title='bbox 493 4430 513 4460; x_wconf 73' lang='grc' dir='ltr'><strong>ο.</strong></span> <span class='ocrx_word' id='word_1_283' title='bbox 573 4412 596 4459; x_wconf 88' lang='lat' dir='ltr'><strong>b.</strong></span> <span class='ocrx_word' id='word_1_284' title='bbox 615 4413 659 4459; x_wconf 78' lang='lat' dir='ltr'><strong>nia</strong></span> <span class='ocrx_word' id='word_1_285' title='bbox 672 4429 693 4460; x_wconf 72' lang='grc' dir='ltr'><strong>ο.</strong></span> 
     </span>
    </p>
   </div>
   <div class='ocr_carea' id='block_1_6' title="bbox 0 0 1572 4859">
    <p class='ocr_par' dir='ltr' id='par_1_8' title="bbox 0 0 1572 4859">
     <span class='ocr_line' id='line_1_36' title="bbox 0 0 1572 4859; baseline 0 0"><span class='ocrx_word' id='word_1_286' title='bbox 0 0 1572 4859; x_wconf 95' lang='lat' dir='ltr'><strong> </strong></span> 
     </span>
    </p>
   </div>
  </div>
 </body>
</html>
