3117 4859
318 269 386 338 484
656 289 806 338 mmmm
826 287 1013 338 musicum
1031 287 1085 336 ass.
1100 286 1155 337 ooo.

232 433 301 492 mot
318 425 539 498 exultationem
561 427 651 515 regni
672 429 775 500 iacere
796 431 905 499 divina
920 432 1047 500 iouente
1059 429 1228 500 clementie
1241 431 1408 516 ordinash’,
1431 451 1490 518 per

230 507 301 557 ω
317 545 490 634 apostolica
517 545 637 636 scripta
664 567 862 616 commonere
889 553 923 616 et
944 548 1085 616 animare
1106 548 1274 634 diligenter
1295 549 1489 617 cumuimua

317 661 385 730 'lua
404 663 528 750 itaque,
552 664 719 734 karissime
740 663 802 749 lili,
828 665 976 750 interest,
999 685 1057 752 pro
1079 665 1239 733 commissi
1259 665 1319 733 tibi
1339 666 1438 750 regni
1459 669 1494 732 et

316 785 443 848 sauctae
458 778 518 847 Dei
542 778 710 849 aecclesiae
724 779 842 848 honore
863 787 896 848 et
910 779 1110 868 exaltatione,
1131 788 1294 870 amquam
1307 783 1395 850 iuter
1410 781 1493 849 alios

315 895 400 964 orbis
422 895 609 964 christianos
630 917 721 982 reges
743 898 912 985 precipuus
935 905 968 966 et
987 897 1188 967 excellentior
1200 900 1358 988 princeps,
1381 905 1493 966 attan

315 1018 381 1080 tam
404 1033 511 1080 curam
534 1018 567 1081 et
588 1013 832 1081 sollicitudiuem
853 1035 980 1100 gerere,
1007 1019 1045 1082 ut
1065 1015 1233 1084 aduentum
1255 1021 1360 1100 tuum,
1393 1037 1494 1102 quem

315 1128 356 1197 ud
382 1135 566 1218 prouectum
593 1129 761 1198 aecclesiae
789 1151 827 1198 ac
852 1131 942 1216 regni
969 1137 1002 1199 et
1028 1131 1162 1200 salutem
1188 1132 1351 1201 christiani
1371 1131 1494 1220 populi

315 1254 533 1335 expectamus,
562 1267 634 1315 cum
656 1245 833 1315 desiderato
854 1247 959 1315 ductu
980 1254 1142 1336 prestante
1162 1249 1298 1318 Domino
1318 1249 1494 1337 pereipme

313 1362 484 1434 ualeamus.
530 1364 615 1432 Data
637 1363 764 1450 Signiae
785 1366 807 1432 5
829 1364 903 1433 Idus
925 1364 1072 1434 Ianuarii

315 1575 403 1651 350.
424 1580 585 1670 Eugenium
600 1579 663 1646 ΙΙΙ
673 1603 766 1669 papo
780 1578 928 1647 Heiarico
952 1583 1093 1669 epicam
1109 1579 1437 1664 Laodicensium,
1458 1593 1494 1648 ut

423 1699 547 1765 comice
574 1697 612 1763 de
634 1697 707 1764 Loro
735 1707 764 1764 et
789 1697 829 1762 de
850 1695 958 1764 Morou
979 1699 1078 1763 Aeaco
1099 1697 1283 1764 monemur&
1306 1696 1493 1765 Stubuleu'

424 1815 529 1881 abluto
549 1815 707 1880 restium
730 1824 828 1902 coqui.
1317 1809 1372 1895 (lt
1391 1814 1490 1894 328.)

224 1951 296 2074 {tino}
401 1945 574 2014 Domnur
602 1966 704 2034 papa
730 1945 932 2031 Eugenius
954 1943 1140 2015 Heinriao
1160 1943 1369 2015 Leodiensi
1399 1949 1491 2035 epi·

312 2079 440 2150 scopo.

399 2177 453 2245 Ad
475 2197 584 2246 eorum
605 2177 803 2264 subventum,
826 2178 882 2265 qui
903 2179 943 2246 de
964 2182 1074 2246 nostra
1094 2177 1272 2266 specialiter
1285 2180 1489 2265 protectione

311 2292 481 2381 confidunt,
503 2293 681 2383 promptius
695 2295 844 2363 debemus
859 2314 1024 2380 assurgere
1039 2299 1071 2363 et
1083 2295 1170 2382 ipsos
1184 2296 1369 2363 infestantes
1382 2295 1489 2380 digus

311 2411 581 2480 animadversione
596 2411 718 2500 punire.
745 2410 908 2480 Venientis
923 2411 964 2478 ad
978 2412 1267 2499 apostolicaesedis
1281 2409 1487 2480 clemenfiam

311 2527 418 2597 dilecti
438 2526 497 2596 filii
517 2529 620 2596 nostri
640 2526 804 2611 Wtibnldi)
827 2526 1022 2597 submersis
1045 2528 1167 2596 abbatis
1191 2529 1340 2597 adversus
1361 2527 1486 2613 Mucio·

310 2643 427 2728 uicum)
448 2645 596 2714 comitem
611 2643 650 2712 dc
664 2642 734 2712 Lon
749 2649 782 2712 et
795 2642 1025 2729 G(odeiidum)
1040 2646 1187 2713 comitem
1201 2646 1241 2712 de
1255 2644 1362 2714 ldonte
1375 2647 1485 2714 Acuto

310 2781 437 2847 gravem
461 2759 621 2848 querelam
637 2761 826 2848 accepimus,
849 2761 933 2847 quod
945 2762 980 2828 in
995 2762 1086 2830 bonis
1101 2761 1296 2830 Stubulensis
1311 2762 1485 2831 aecclesiis

310 2877 465 2947 diabolico
493 2877 646 2946 instinctu
671 2877 817 2945 incendia
851 2876 961 2945 caedes
989 2883 1021 2947 et
1047 2880 1176 2967 rapinas
1200 2879 1418 2946 commiserint
1451 2885 1484 2948 ct

311 2995 475 3064 ammoniti
497 2995 536 3062 de
558 2999 649 3061 tanta
669 2994 815 3080 nequicia
835 2995 1015 3062 sabsiaoere
1036 2995 1166 3063 minime
1180 2995 1288 3063 vebat
1318 2995 1398 3075 Quia
1421 2997 1484 3082 igi-

310 3117 362 3180 tur
384 3116 492 3179 tautae
512 3110 690 3198 iniquitatis
713 3130 877 3180 excessum
897 3111 1089 3199 impunitum
1105 3111 1282 3199 relinquere
1295 3131 1355 3179 nec
1367 3133 1482 3200 possu-

309 3247 381 3296 mus
403 3247 462 3296 nec
478 3226 637 3315 debemus,
659 3248 717 3316 per
731 3229 893 3317 presentia
905 3227 1026 3316 scripta
1037 3228 1098 3296 tibi
1111 3229 1309 3314 mandamus,
1331 3230 1481 3315 quatinus

310 3343 468 3434 prefatum
482 3343 702 3429 medovicum)
720 3337 871 3414 ¹comitem
887 3345 928 3413 de
941 3343 1011 3413 Lon
1026 3346 1140 3413 eteius
1153 3345 1322 3434 complices
1335 3345 1482 3415 merae

310 3479 519 3546 commoneas,
542 3465 588 3548 ut,
611 3481 691 3550 quae
707 3459 902 3531 Stabuleusis
916 3462 1100 3530 monasterii
1111 3461 1263 3531 iratribus
1283 3483 1344 3550 per
1359 3462 1481 3532 uiolen-

308 3577 388 3647 tiam
411 3577 617 3666 abstulerunt,
639 3579 808 3647 restituant
830 3583 862 3647 et
883 3580 923 3648 de
942 3578 1040 3648 illatis
1054 3579 1179 3647 iniuriis
1193 3580 1313 3648 eisdem
1326 3579 1480 3649 iratribus

310 3695 497 3781 condignam
520 3695 766 3764 satisfactionem
788 3695 965 3765 exhibeant
1009 3693 1128 3776 Quodsi
1153 3697 1236 3764 forte
1262 3697 1328 3765 tuis
1348 3698 1478 3766 moniis

310 3811 457 3882 oboedire
484 3811 658 3899 noluerint,
687 3813 771 3882 inira
793 3814 937 3902 spacium
957 3812 1091 3880 duorum
1111 3813 1282 3900 mensium,
1309 3819 1477 3902 postquam

308 3929 469 4019 presentia
490 3929 609 4018 scripta
631 3931 818 4018 susceperis,
840 3931 981 4017 prelatus
1001 3949 1105 3998 comes
1119 3934 1152 3998 et
1166 3930 1234 3998 eius
1247 3930 1386 3999 leuiores
1401 3951 1475 3998 anr-

309 4046 457 4115 thematis
485 4045 590 4132 gladio
611 4045 775 4114 feriantur.
821 4045 975 4115 Comitem
998 4065 1072 4114 vero
1094 4047 1134 4114 de
1154 4044 1262 4114 Monte
1274 4046 1393 4133 Acuto,
1419 4047 1474 4135 qui

308 4161 392 4246 bona
409 4163 510 4252 ipsius
525 4163 709 4232 monasterii
723 4166 917 4252 presumpsit
929 4163 1088 4250 invadere,
1110 4163 1253 4232 districte
1266 4183 1471 4248 commoneas,

308 4283 345 4348 ut
366 4276 406 4348 de
427 4279 578 4369 predictis
600 4279 745 4370 dampnis
767 4279 918 4350 iratribus
933 4279 1071 4349 eiusdem
1086 4279 1229 4349 coenobii
1242 4281 1369 4370 dignam
1381 4282 1472 4349 sada

307 4395 475 4466 monem
497 4397 652 4466 exhibeat
697 4397 783 4466 Data
804 4397 932 4484 Signiae
953 4400 976 4467 b
997 4397 1072 4466 Idus
1092 4397 1266 4468 Isuuarii=
