3117 4859
299 278 365 345 816
547 302 557 323 ·
630 294 779 345 minor
798 294 986 345 nummum
1005 293 1058 343 uer.
1074 293 1128 343 uus.

203 443 282 566 (llll
298 438 438 525 recipere
466 437 700 525 sempiternum.
789 436 946 505 Dilectum
971 435 1072 505 lilium
1097 443 1242 506 nostrum
1266 436 1456 523 Hentuicum)

298 556 453 623 iuniorem
478 575 586 641 regem
606 555 641 622 in
663 553 798 622 Domino
820 553 1008 640 salutamus,
1035 560 1069 622 et
1087 559 1124 622 ιιι
1145 557 1214 644 ipse
1235 560 1339 624 aetate
1359 562 1392 623 et
1411 576 1456 623 sa·

297 671 418 759 pientia
441 671 525 759 apud
538 671 643 739 Deum
664 675 696 739 et
716 672 859 739 homines
880 670 1035 759 proficiet,
1057 671 1162 759 ipsum
1183 692 1241 761 per
1263 692 1356 759 quem
1370 692 1457 758 reges

224 818 227 826 ·
296 794 432 874 regnaut
452 788 636 876 suppliciter
657 808 834 857 exoramus.
864 787 949 855 Data
961 788 1131 855 Tusculani
1151 788 1293 857 2Nonas
1307 788 1457 857 Octobris
1553 829 1555 878 2

772 922 984 935 ...-.--
1553 889 1555 930 l

301 1001 387 1075 198.
409 1004 513 1071 Guido
530 1006 731 1073 concellarius
743 1004 871 1092 populis
887 1002 1027 1071 Wiboldo
1040 1005 1213 1093 respondet,
1229 1003 1357 1091 fornum
1370 1004 1459 1092 sem
1553 1020 1555 1034 ¹

407 1122 446 1187 de
474 1123 611 1189 Corwoda'
642 1124 724 1209 repis
756 1144 826 1187 cum
852 1119 1026 1185 Ειιιαιιικιι
1053 1119 1245 1189 Graecorum
1276 1123 1461 1209 inperatore
1554 1113 1555 1132 ¹

400 1237 532 1326 foedere
560 1248 667 1305 contro
701 1238 857 1304 eccleciam
884 1235 1062 1302 Romnum
1088 1238 1157 1302 teto.
1206 1236 1326 1319 diceret,
1353 1248 1390 1302 ot
1414 1239 1461 1303 rei

407 1354 582 1420 obluctetur.
1298 1347 1460 1433 (Mle)

206 1498 275 1554 1149
386 1486 560 1555 Karissimo
582 1490 615 1553 et
636 1485 764 1574 speciali
787 1484 887 1551 amico
902 1504 958 1552 suo
972 1481 1143 1567 Wlibaldc)
1157 1482 1337 1551 corbeiensi
1355 1484 1462 1552 abbati

199 1586 219 1621 ⁶*
232 1571 281 1621 ⁰⁶²
298 1602 400 1671 Guido
429 1607 555 1670 sanctae
575 1600 734 1670 Romanae
762 1601 931 1669 aecclesiae
957 1601 1106 1667 diaoonm
1128 1597 1314 1667 cardinalis¹
1335 1604 1369 1668 et
1389 1620 1461 1669 can·

296 1718 440 1787 cellarius
463 1717 597 1786 sulutem
619 1724 651 1786 et
672 1718 881 1785 dilectionem.
1555 1775 1556 1808 ,

383 1835 600 1921 Dubietetem,
629 1855 709 1921 quae
737 1835 776 1902 de
799 1837 884 1901 statu
904 1837 960 1900 tuo
980 1833 1016 1899 in
1036 1836 1144 1901 nostm
1165 1836 1293 1919 pectore
1314 1832 1462 1901 versabu-
1555 1905 1557 1929 ἡ

296 1957 364 2037 tur,
400 1957 431 2019 et
462 1952 595 2019 nuncius
622 1957 695 2019 tuus
725 1955 757 2017 et
784 1948 989 2017 transmissae
1016 1949 1107 2016 uobis
1132 1969 1190 2036 per
1217 1970 1289 2016 eum
1316 1946 1460 2018 litterae¹
1556 1933 1557 1994 l

297 2068 502 2136 abstulerunt.
538 2068 691 2156 Optumus
720 2067 804 2135 enim
826 2067 860 2133 in
881 2065 1033 2151 Domino,
1062 2070 1099 2131 ut
1120 2070 1234 2131 cuncta
1255 2086 1380 2153 semper
1401 2066 1461 2134 tibi
1556 2101 1557 2110 .

296 2184 451 2271 salubria,
479 2188 592 2251 cuncta
612 2185 677 2251 sint
697 2202 866 2272 prospera,
894 2187 927 2249 et
946 2188 984 2248 ut
1008 2201 1146 2268 superne
1173 2180 1343 2249 elementia
1367 2188 1401 2249 tc
1428 2184 1463 2249 in

296 2302 469 2370 actionibus
501 2302 565 2368 tuis
600 2300 707 2368 celesti
740 2297 950 2367 miserationis
977 2316 1053 2365 suae
1080 2296 1198 2365 auxilio
1224 2302 1359 2365 tueatur.
1409 2298 1462 2365 Ad

295 2416 475 2506 peragenda
497 2438 544 2503 ea,
567 2436 625 2505 pro
649 2417 761 2503 quibus
778 2414 919 2483 hacvice
934 2414 1062 2499 rogasti,
1085 2413 1235 2481 domnum
1248 2434 1365 2502 papam
1379 2415 1464 2483 circa

296 2541 328 2603 te
350 2534 529 2603 benivolum
552 2534 737 2619 sentientes,
766 2552 876 2600 secure
897 2551 1026 2618 operam
1047 2529 1207 2616 dedimus,
1229 2531 1311 2599 sicut
1332 2552 1373 2600 ex
1394 2533 1462 2601 cius

295 2650 358 2719 tibi
381 2650 496 2717 litteris
526 2650 699 2737 apparebit.
788 2648 937 2717 Preterea
962 2646 1022 2714 tibi
1047 2651 1200 2735 tanquam
1220 2652 1312 2714 cuuto
1334 2654 1367 2717 et
1386 2669 1463 2736 pru-

296 2767 382 2835 denti
397 2768 466 2834 rire
490 2772 521 2834 et
541 2767 576 2833 in
598 2766 762 2833 dilectione
784 2764 917 2852 probato
940 2763 1123 2849 eloquimur.
1153 2762 1282 2832 Certum
1297 2770 1356 2850 cst,
1379 2764 1463 2852 quod

295 2889 369 2971 post
390 2884 561 2951 discessum
584 2882 691 2949 domui
713 2881 874 2965 G(onradi)
896 2879 1108 2947 Romanorum
1129 2880 1223 2967 regie,
1244 2880 1308 2947 nisi
1328 2881 1463 2949 domnus

295 3020 380 3087 papa
406 2999 584 3086 specialiter
611 3005 643 3065 et
670 2999 812 3066 districte
837 2995 1063 3085 prohibuisset,
1091 2997 1241 3064 adversm
1266 2996 1367 3065 lilium
1396 3000 1464 3066 eius

294 3116 450 3182 iuniorem
471 3136 578 3200 regem
600 3135 697 3200 gnere
717 3120 805 3181 mota
825 3113 937 3181 luisset
958 3119 990 3181 et
1010 3133 1076 3180 non
1091 3112 1216 3180 modice
1228 3120 1300 3181 crte
1311 3115 1462 3183 turbatio.

295 3230 387 3298 Nunc
409 3236 529 3317 eutem,
556 3233 638 3298 sicut
665 3231 778 3297 domne
806 3250 908 3319 papae
935 3250 973 3296 ae
998 3230 1089 3297 nobis
1116 3228 1327 3315 significatum
1355 3237 1465 3300 estet

295 3366 437 3414 rumores
465 3348 561 3415 etiam
588 3348 802 3433 increverunt,
835 3351 927 3434 pater
951 3345 1052 3433 ipsius
1078 3366 1136 3413 rer
1163 3345 1352 3430 O(onradus)
1379 3347 1465 3415 mela

295 3482 354 3550 pro
377 3462 477 3548 bonis,
500 3464 583 3550 quod
604 3464 690 3531 Deus
713 3467 844 3548 avertat,
866 3463 998 3531 reddere
1017 3462 1141 3548 nititur,
1163 3466 1288 3530 etcum
1309 3462 1465 3531 Constan-

296 3578 503 3667 tinopolitanc
525 3574 731 3668 imperatore⁸
755 3586 897 3647 saucmm
917 3578 1092 3647 Romanam
1113 3579 1306 3665 aecclesiam,
1332 3580 1465 3649 catholi-

295 3716 405 3765 corum
427 3698 567 3763 omnium
588 3702 732 3782 matrem,
755 3698 894 3782 grunitu
916 3696 944 3763 si
965 3698 1082 3783 poterit
1104 3695 1243 3781 affligere
1264 3702 1297 3764 et
1313 3698 1467 3765 infestare

295 3813 444 3902 disponit
482 3812 570 3880 Sicut
592 3833 665 3898 ergo
688 3812 798 3880 eadem
819 3818 921 3881 mater
943 3817 1051 3881 nostru
1073 3818 1105 3881 et
1125 3832 1195 3899 nos,
1216 3813 1317 3901 ipsius
1332 3813 1466 3899 alumni,

295 3930 335 3997 de
356 3934 410 3996 tuo
434 3928 517 3996 circo
538 3949 609 3997 eam
629 3927 715 3997 fideli
738 3929 886 4016 obsequio
904 3935 937 3997 et
951 3928 1089 3998 officiosa
1101 3928 1252 3997 fidelitate
1265 3928 1465 4015 confidimus,

294 4046 341 4113 ita
363 4066 403 4113 ex
425 4050 515 4132 parte
536 4044 644 4111 domni
664 4064 767 4133 papae
790 4066 828 4113 ac
848 4051 957 4113 nostra
972 4046 1172 4114 dilectionem
1184 4051 1272 4113 tuam
1286 4066 1465 4132 monemus,

294 4161 449 4229 monendo
470 4180 616 4247 rogamus
640 4166 672 4229 et
694 4163 844 4230 attentius
861 4162 1073 4247 exhortamur,
1094 4168 1132 4229 ut
1145 4162 1247 4231 modis
1263 4164 1378 4250 quibus
1392 4168 1465 4252 pct-

296 4277 375 4362 eris,
399 4282 550 4363 tanquam
571 4298 664 4345 verus
687 4276 805 4345 Christi
827 4278 945 4346 athleta
965 4285 998 4347 et
1018 4280 1053 4346 in
1075 4279 1288 4367 apostolorum
1307 4280 1463 4367 principis

367 4407 392 4463 1.
411 4405 460 4465 SS.
472 4408 588 4467 ὓοιιιιιιο
600 4413 629 4467 et
639 4408 776 4467 Damiani.
834 4411 862 4467 2.
879 4426 925 4482 ep.
937 4410 991 4467 lec
1000 4410 1200 4482 reprensus.
1257 4412 1284 4469 3.
1299 4411 1461 4470 Ειιιιιιιιοιο.
