3117 4859
399 304 549 351 omnum
569 302 757 353 nnmuousn
780 304 834 352 mc.
850 305 904 352 m.
1167 291 1235 359 869

53 442 88 509 in
112 444 252 511 scritute
273 442 432 529 intellexi,
459 445 542 531 quod
565 446 634 532 ipse
655 467 744 514 mous
767 446 913 514 dominus
934 466 992 515 vos
1013 452 1046 515 et
1065 449 1236 536 imperium
1252 455 1324 511 lito

53 566 201 627 vestrum
225 560 345 629 sincere
365 560 479 645 diligit,
504 566 535 628 et
557 564 678 647 omnic,
708 583 769 649 que
790 563 952 632 vobiscum
973 584 1032 652 por
1052 570 1181 652 pactum
1203 572 1236 632 et
1259 531 1315 590 ’μ’

52 677 283 745 mentiones
310 675 463 763 firmavit,
497 679 630 766 implere
658 680 810 765 intendit,
842 701 900 764 ego
928 700 1052 768 quoque
1078 701 1137 768 pro
1164 700 1237 748 meu

50 793 217 881 punitate
231 798 371 861 vestrum
392 794 609 863 celsitudinem
632 794 805 881 plurimum
827 796 924 881 dilige
947 804 980 864 et
1000 796 1120 865 honoro
1135 802 1177 882 et,
1199 803 1236 864 ut

51 908 94 975 de
117 910 281 977 communi
303 909 392 978 hoste
414 912 512 980 vestri
534 912 662 999 imperii
684 912 842 980 illustrem
863 914 1030 980 victorium
1052 918 1085 982 et
1105 933 1236 999 grem

49 1026 232 1093 vindictum
247 1028 389 1112 sumetis,
412 1027 516 1097 Deum
531 1028 643 1095 humili
659 1048 696 1095 cc
711 1029 825 1097 devote
838 1049 932 1117 prece
946 1031 1091 1118 deposco.
1152 1029 1236 1097 Suue

50 1142 108 1209 ills
133 1143 221 1209 idem
236 1142 343 1211 Sicilie
365 1150 518 1231 tyrannm
541 1146 720 1233 meipsum
743 1146 783 1214 de
804 1148 997 1214 monasterio
1019 1146 1121 1213 suncti
1134 1145 1236 1214 Beue-
1262 1156 1332 1212 113⁷

50 1260 135 1327 dicti
163 1259 199 1325 in
220 1266 327 1327 monte
349 1260 463 1329 Casino
487 1260 610 1349 expulit
632 1268 664 1329 ct
685 1263 844 1349 perimere
864 1262 981 1347 uoluit,
1011 1282 1082 1330 oum
1102 1263 1236 1330 fonnem
1252 1230 1337 1278 w

50 1376 99 1443 ibi
125 1378 287 1443 communi
308 1379 449 1445 omnium
463 1386 536 1446 voto
560 1385 593 1446 et
607 1378 834 1447 acclamatione
848 1379 1011 1446 ordinatus
1027 1379 1124 1447 albus
1138 1381 1236 1446 immo

49 1491 169 1559 nolens
192 1498 322 1577 tructus,
345 1494 379 1561 in
400 1499 543 1583 tempore
559 1495 659 1563 felicis
675 1496 847 1563 momoriae
861 1494 1005 1563 Lothurii
1018 1496 1235 1584 imperatorin

51 1614 86 1677 ct
119 1609 260 1695 gaudeo,
289 1610 373 1697 quod
400 1612 479 1679 tulos
507 1613 607 1680 huboo
636 1613 813 1697 adiutores,
842 1614 919 1699 quin
946 1614 1057 1701 pocius
1082 1613 1177 1681 duces
1200 1632 1237 1679 uc

48 1726 218 1813 principos
241 1732 352 1795 coutm
372 1729 551 1815 predictum
565 1728 627 1796 Dei
648 1730 822 1797 inimicum.
899 1727 1062 1815 Siquidem
1079 1729 1237 1814 malignus

49 1843 109 1911 illc
134 1849 168 1910 ct
191 1843 245 1910 ulii
268 1863 364 1929 quum
386 1843 493 1932 plures
515 1844 658 1913 homines
682 1852 793 1913 contre
813 1844 1017 1929 magnifieum
1034 1851 1067 1912 et
1080 1846 1162 1913 torte
1176 1847 1237 1912 im·

48 1960 183 2047 perium
203 1966 346 2027 vestrum
371 1960 473 2028 multu
493 1962 579 2029 mule
600 1961 773 2030 moliuntur
795 1965 827 2028 et
850 1961 978 2028 cottidie
1000 1961 1236 2043 munumentum
1372 1963 1376 1976 '

49 2082 104 2145 sot
129 2074 254 2143 conlido
281 2078 320 2144 de
343 2079 576 2165 omnipotentie
598 2078 659 2146 Dei
682 2083 714 2145 et
736 2078 775 2145 de
797 2078 899 2165 ipsius
921 2078 1168 2145 clementissima
1187 2080 1237 2145 iu·

50 2193 160 2277 sticis,
185 2194 268 2279 quod
289 2200 414 2261 tuntum
430 2214 467 2261 uo
480 2195 544 2262 tsle
559 2195 739 2282 imperium,
762 2195 874 2280 inquo
891 2200 939 2261 est
953 2194 1060 2261 divine
1074 2193 1237 2279 religionis

50 2310 178 2393 cultus,
205 2310 239 2375 in
262 2330 324 2396 quo
347 2316 396 2376 est
418 2310 494 2377 ordo
515 2311 621 2395 legum
645 2316 677 2377 et
698 2310 776 2377 iuris
800 2308 902 2377 civilis
925 2312 1023 2394 ratic,
1046 2312 1081 2376 in
1104 2330 1166 2396 quo
1188 2316 1238 2375 cst

50 2426 212 2494 fortitudo
239 2431 272 2493 et
299 2426 466 2513 discipline
494 2428 657 2511 militaris,
685 2427 720 2493 in
748 2446 810 2511 quo
833 2432 882 2493 est
903 2424 1028 2493 infinita
1049 2426 1237 2493 diviciarum

51 2544 160 2630 copia,
184 2542 363 2609 nullatenus
387 2543 426 2610 cb
449 2544 602 2630 improbis
626 2548 659 2610 et
680 2543 839 2631 perversis
862 2548 894 2609 ct
917 2541 1035 2627 absque
1054 2543 1175 2629 pictdtc
1188 2542 1237 2607 di·

52 2661 133 2725 vino
155 2658 336 2726 hominibus
358 2659 467 2726 subrui
488 2661 591 2746 possit
613 2664 644 2725 et
667 2658 821 2745 superari.
894 2658 944 2725 De
966 2657 1146 2745 ampliando
1162 2677 1237 2724 vero

53 2782 88 2843 et
118 2776 153 2843 in
182 2774 295 2841 melius
324 2752 478 2842 lirmsudo
504 2774 610 2841 fedore
632 2774 716 2841 inter
738 2780 883 2840 sunctum
904 2775 1074 2861 imperium
1097 2779 1237 2841 vestrum

53 2899 87 2959 et
119 2891 296 2979 prccelsem
322 2892 441 2959 domiui
464 2893 527 2958 mci
549 2891 749 2958 maiestatem
770 2890 887 2957 suudeo
909 2890 1161 2975 magnificentiae
1183 2909 1237 2956 ve-

52 3016 161 3092 stroe,
191 3015 228 3073 ut
248 3008 442 3075 voluntatem
464 3028 570 3092 suum,
599 3028 693 3093 quam
716 3013 821 3075 vestre
843 3008 1018 3095 supientiae
1039 3007 1237 3093 impresenti

52 3126 257 3209 manifestat,
286 3123 459 3211 adinplere
486 3144 551 3191 non
573 3123 736 3191 differetis.
828 3123 863 3190 Si
885 3124 1034 3208 dignatur
1055 3129 1162 3190 vestre
1184 3142 1236 3188 su-

53 3242 216 3324 blimitas,
240 3260 344 3308 meum
367 3243 556 3328 parvitatem
579 3242 663 3308 inter
683 3246 774 3307 notos
797 3239 966 3307 habereut
987 3250 1061 3327 por·
1083 3240 1236 3325 gloriosos

54 3359 166 3446 epicos
187 3362 310 3425 vestros
333 3356 481 3442 salutare,
506 3358 544 3425 dc
566 3356 652 3425 fideli
674 3356 895 3425 fidelissimum
916 3376 969 3423 me
989 3356 1123 3423 facietis.

57 3622 151 3695 247.
174 3628 334 3692 Coorodce
349 3625 412 3691 III
429 3651 485 3691 rex
500 3624 681 3691 Heiorioum
705 3626 813 3689 docem
831 3624 990 3690 Senoniae
1014 3625 1051 3690 de
1067 3626 1154 3689 bono
1167 3624 1236 3689 Ku-

171 3744 391 3809 micctensibuc
412 3742 553 3807 Wt‘boldo
575 3742 770 3805 restituendis
793 3741 935 3804 hortatur
943 3734 960 3804 ¹.
1078 3738 1132 3819 (M.
1145 3738 1236 3818 249.)

150 3874 313 3942 Conrcdus
328 3874 390 3941 Dei
412 3874 514 3959 gretie
534 3874 747 3941 Romanorum
769 3894 828 3940 rex
850 3872 1024 3956 H(cinrioo)
1049 3872 1122 3939 duci
1137 3871 1236 3937 Soxo-
1269 3884 1339 3940 1150

56 3994 131 4059 nice
155 3992 291 4076 gratiam
313 4012 404 4057 suom
428 3996 459 4058 et
482 3988 723 4056 omnebonum.
1252 3961 1349 4081 effic

132 4166 155 4200 ι
205 4167 245 4199 ro
270 4152 338 4199 .cod.

131 4242 158 4294 1.
175 4166 267 4294 videon(n
277 4236 423 4307 epistolum
447 4236 530 4308 poulo
553 4240 618 4291 unte
637 4236 664 4291 d.
677 4237 713 4291 20
731 4236 801 4305 Apr.
815 4235 885 4290 1150
903 4250 965 4290 csse
983 4233 1128 4302 scriptum,
1154 4229 1237 4288 focile

59 4329 175 4400 cognitu
193 4334 245 4384 est.
273 4326 419 4383 Wiboldus
431 4326 504 4381 enim
518 4325 563 4381 die
575 4324 623 4382 illo
636 4326 740 4381 curium
751 4324 865 4394 reliquit
877 4326 916 4391 (v.
932 4339 976 4392 ep.
988 4323 1040 4377 251
1052 4320 1126 4377 iustu
1143 4336 1171 4392 p.
1183 4322 1237 4378 374

59 4435 86 4475 u.
99 4420 138 4488 3),
155 4418 231 4475 bons
248 4416 457 4472 Kuminotcnsiu
475 4418 686 4485 reeupersturus
704 4416 742 4483 (v.
755 4429 799 4482 ep.
812 4414 865 4467 266
878 4410 970 4481 inim).

104 4514 184 4569 Jsm'.
200 4517 343 4562 Bibliotheca
358 4516 375 4561 1.
988 4510 1023 4565 24
