3117 4859
334 250 401 317 212
710 266 860 316 wunsam
880 266 1045 317 mucrona
1067 266 1121 314 rac.

246 414 316 471 1148
333 409 442 497 procul
465 408 559 477 dubio
582 408 690 477 futura
711 409 794 476 bona
813 410 1006 497 predicanda
1026 411 1062 476 in
1075 407 1166 475 nobis
1182 406 1380 476 estimaretis
1413 404 1482 474 bne

333 526 525 594 conscientia
548 530 660 594 nostra
681 528 820 611 graviter
841 546 899 593 nos
921 527 1088 613 impugnat
1108 530 1142 593 et
1162 530 1290 593 accuset
1310 542 1483 610 sequence,

332 662 396 709 non
422 642 526 709 dicam
553 648 674 727 vesus,
709 648 757 709 set
784 662 843 710 nec
870 644 1054 729 cuiusquam
1082 642 1208 728 quidem
1236 640 1338 709 intimi
1364 640 1485 707 hominis

331 760 601 827 commendatione
622 759 751 844 dignam
766 780 800 826 se
816 759 1013 827 arbitratur·.
1043 758 1268 826 Verumtamen
1290 757 1434 843 quoniam
1448 755 1487 822 sic
1553 820 1554 826 ,

330 876 370 943 de
397 881 508 943 nostra
533 877 691 964 parvitate
719 876 809 943 robis
831 878 949 943 sentim
969 877 1073 943 risum
1094 881 1158 961 cst,
1187 875 1345 942 enitemur
1372 873 1405 939 id
1429 890 1488 939 esse

330 993 416 1079 quod
442 1013 499 1060 vos
528 992 709 1079 affirmatis,
737 992 933 1060 studebimus
961 992 1136 1059 conformes
1164 990 1234 1059 ficri
1255 992 1379 1076 gratiae
1405 1006 1489 1075 quam

330 1128 386 1177 vos
414 1109 594 1196 predicatis.
685 1109 854 1178 Caeterum
881 1109 920 1176 dc
948 1108 1064 1176 domno
1090 1108 1146 1175 illo
1168 1108 1334 1192 Heinrico,
1363 1107 1417 1193 qui
1440 1104 1490 1172 ali
1553 1133 1554 1136 ¹

330 1227 455 1312 quaudo
476 1227 595 1313 prefuit
609 1225 791 1295 Oorbeieusi
813 1225 1015 1310 monasterio,
1038 1226 1091 1292 cui
1110 1244 1196 1292 nunc
1216 1246 1274 1292 nos
1289 1223 1359 1291 Deo
1375 1228 1491 1289 auctore
1553 1243 1554 1318 j

329 1343 534 1427 deservimus,
557 1348 681 1411 vestrae
703 1343 891 1428 benignitati
907 1343 1144 1429 respondemus,
1167 1341 1261 1428 quod,
1284 1337 1491 1408 cuminmul-

241 1466 310 1522 1146
328 1460 370 1527 tis
399 1464 599 1527 accusaretur
625 1465 693 1527 tam
721 1460 760 1528 de
787 1459 926 1527 uiolenta
951 1459 1126 1526 intrusione
1153 1478 1212 1526 sua
1238 1478 1334 1544 quam
1364 1455 1492 1525 dealba

245 1539 311 1588 m
329 1576 517 1664 quibusdam
553 1576 715 1662 capitulis,
754 1596 813 1643 nos
847 1596 912 1643 non
945 1575 1047 1643 solum
1080 1576 1226 1643 absentes
1259 1595 1373 1642 verum
1406 1573 1493 1641 etium

329 1695 469 1760 omnium
496 1694 630 1760 istarum
658 1713 766 1760 rerum
793 1693 898 1777 ignari
925 1698 957 1760 et
983 1693 1075 1777 longe
1104 1693 1201 1780 positi
1225 1693 1261 1759 in
1281 1691 1375 1759 cuma
1394 1688 1494 1757 domni
1553 1695 1554 1772 l

200 1824 312 1874 uuna.
328 1830 431 1898 papae
453 1830 593 1893 eramus3
624 1815 751 1896 etpost
773 1830 830 1876 sex
852 1809 918 1876 fere
940 1810 1097 1876 mensium
1118 1809 1276 1896 spacium,
1299 1828 1378 1895 sepe
1400 1806 1495 1873 soced

329 1931 361 1995 et
383 1928 489 1995 venire
510 1926 589 1993 iussi
613 1932 645 1993 et
668 1947 707 1992 ex
729 1932 821 2013 parte
842 1946 907 1992 non
928 1926 1052 1993 modica
1074 1926 1185 2009 coacti,
1208 1924 1249 1991 ad
1266 1923 1412 2008 regimen
1425 1922 1495 1990 Cor·
1553 1987 1554 2014 ἶ

328 2042 465 2111 beieusis
489 2041 658 2110 aecclesiae
680 2062 744 2109 non
767 2043 886 2129 absque
908 2062 985 2109 cura
1006 2047 1039 2109 et
1060 2040 1270 2108 sollicitudine
1292 2046 1326 2107 et
1348 2040 1441 2125 gravi
1458 2039 1495 2105 ti·

255 2172 311 2221 ose.
328 2179 415 2227 more
444 2159 649 2243 accessimus,
679 2177 751 2225 cum
777 2163 885 2225 tamen
910 2159 993 2225 inter
1013 2158 1115 2245 ipsius
1137 2157 1370 2245 depositionem
1392 2162 1426 2224 et
1444 2175 1495 2222 no-
1553 2175 1554 2248 ᾗ

329 2280 428 2342 stram
451 2275 680 2342 ordinationem
698 2273 821 2341 medius
841 2271 987 2359 quidam¹
1000 2273 1143 2341 unanimi
1157 2279 1190 2341 et
1203 2272 1352 2341 concordi
1366 2274 1495 2340 nstrum
1553 2267 1554 2324 ff

328 2391 479 2458 electione
507 2392 604 2459 fuerit
624 2396 798 2479 promotus.
833 2390 983 2459 Nostram
1004 2392 1111 2477 itaque
1132 2390 1365 2475 innocentiam,
1396 2388 1497 2475 quisi
1553 2401 1554 2418 ¹

328 2514 401 2575 ante
436 2508 511 2575 dum
539 2508 696 2594 frequenti
725 2509 924 2575 accusatione
950 2507 1130 2595 pulsaretur
1159 2506 1300 2574 studiose
1327 2506 1495 2589 astitimus,
1553 2519 1554 2528 ’

327 2624 397 2711 ipse
424 2625 570 2711 fatigavit
598 2632 645 2710 et,
673 2623 857 2692 inobediens
884 2624 1045 2692 Romanae
1072 2622 1241 2691 eecclesiae
1266 2629 1300 2690 et
1320 2622 1427 2711 ipsius
1448 2622 1497 2689 dc·
1553 2667 1554 2670 =

328 2742 422 2808 cretis
445 2742 574 2809 minime
598 2742 828 2829 obtemperans,
852 2761 906 2809 ore
927 2742 961 2807 in
978 2740 1099 2809 coelum
1114 2740 1229 2827 posito,
1253 2739 1408 2807 scaudala
1420 2740 1497 2807 inter

328 2858 442 2925 fratres
470 2864 596 2926 nostros
625 2858 794 2925 seminavit
820 2862 866 2943 et,
895 2862 1048 2943 quantum
1074 2858 1109 2924 in
1134 2856 1205 2944 ipso
1226 2857 1305 2941 fuit,
1331 2857 1498 2926 materiam
1553 2922 1554 2925 ,

328 2973 431 3040 modis
454 2974 598 3041 omnibus
622 2975 720 3059 dedit,
743 2974 910 3059 quominus
932 2973 1086 3059 regularis
1108 2973 1277 3061 disciplina
1293 2979 1327 3040 et
1340 2975 1421 3042 ordo
1434 2992 1497 3040 ruo·

328 3090 467 3158 nesticae
496 3090 601 3158 debito
631 3095 663 3161 et
692 3090 841 3157 canonico
868 3092 996 3158 tramite
1023 3091 1059 3157 in
1080 3091 1271 3158 monasterio
1294 3096 1407 3159 nostro
1428 3109 1497 3177 pro·

328 3207 461 3274 cederet.
496 3207 539 3274 Et
567 3207 630 3273 illis
660 3206 787 3293 quidem
813 3206 1033 3274 reconciliatus
1061 3212 1123 3292 est,
1153 3208 1208 3293 qul
1234 3208 1397 3293 orantei,
1427 3206 1498 3273 dum

327 3321 517 3407 presideret,
546 3324 580 3389 in
607 3324 767 3411 presentis
791 3322 898 3390 blandi
919 3325 953 3391 in
976 3324 1120 3392 absentia
1140 3324 1321 3407 mordaces,
1351 3324 1498 3409 quicum

328 3438 480 3521 cogebant
503 3440 593 3524 quasi
615 3440 744 3507 consilio
767 3440 900 3508 salutmi
920 3440 978 3507 ills
997 3442 1118 3525 facere,
1144 3439 1243 3527 quac'
1265 3440 1330 3528 ipsi
1351 3460 1429 3509 mox
1450 3459 1496 3505 rs·

327 3554 557 3639 prehendentes
582 3557 770 3624 accusabant
793 3564 835 3643 et,
858 3578 930 3625 cum
953 3564 1059 3625 essent
1076 3557 1233 3625 malorum
1249 3561 1407 3643 auctores,
1430 3575 1498 3624 eum

327 3668 362 3735 in
390 3670 439 3737 ius
467 3676 618 3757 tanquam
644 3679 809 3741 nocentem
836 3674 1013 3743 trahebant
1052 3673 1151 3741 Nobis
1178 3694 1252 3743 vero
1279 3674 1417 3742 inlcstus
1442 3678 1497 3755 cst,

328 3786 384 3871 qui
406 3806 479 3852 eum
500 3808 660 3875 nunquam
683 3810 723 3856 ne
745 3789 841 3858 uerbo
865 3792 993 3877 quidem
1014 3792 1149 3859 scientes
1171 3788 1357 3859 offendimus
1381 3788 1497 3877 etqui,

328 3902 356 3967 si
377 3900 447 3969 fieri
468 3910 576 3991 posset
597 3906 686 3973 salva
706 3907 858 3993 religione
881 3914 913 3975 ct
933 3907 1098 3976 honestate
1120 3913 1240 3993 nostra,
1262 3907 1431 3976 mallemus
1446 3905 1497 3973 ab

328 4038 397 4087 csse
424 4040 520 4106 quam
547 4021 581 4087 in
608 4028 749 4110 tempore
772 4028 879 4091 tautae
901 4024 1148 4110 perturbationis
1169 4044 1306 4114 preesse.
1399 4023 1497 4110 Super

328 4134 386 4203 boc
413 4158 503 4223 vero,
532 4139 632 4227 quod,
661 4140 741 4207 sieut
766 4142 802 4208 in
822 4141 937 4208 restris
960 4141 1075 4209 litteris
1098 4141 1248 4227 habetur,
1276 4141 1368 4209 nobis
1390 4158 1495 4208 twen-

400 4301 420 4335 ι.
440 4292 475 4337 n'c
491 4292 542 4338 cod.
605 4292 627 4337 b.
648 4291 687 4351 qul
703 4310 723 4339 c.

397 4384 423 4441 1.
442 4384 588 4443 Heinricue
606 4386 634 4443 11
651 4386 737 4444 abbas
755 4386 937 4446 Gorbeieuaia
