3117 4859
453 256 602 305 wmnunr
622 254 790 305 urreuous
809 253 847 303 te
1172 237 1237 307 153

75 404 107 469 ut
125 398 353 484 reioeilrretur,
375 398 569 484 reduximus,
592 398 745 467 ndentes
767 396 957 465 ineolumem
979 396 1020 464 ed
1035 398 1157 465 meiere
1171 418 1237 467 ser·
1265 402 1334 459 1141

75 536 143 585 rere
165 536 261 602 quem
282 520 350 582 tem
372 520 503 583 eruente
523 516 657 583 victorie
678 516 718 583 de
736 514 909 600 reginerits
922 514 1128 602 triumphare.
1157 514 1237 581 dum
1254 477 1343 525 Μ

75 652 142 701 tero
164 633 206 701 ed
227 652 315 701 mere
336 632 531 701 venissemus
554 637 586 701 et
607 637 712 701 euetre
724 632 837 701 meteri
849 631 1028 716 fuissemus,
1048 631 1084 700 iu
1097 631 1238 699 mexime

74 753 264 839 tempestate,
290 768 355 815 non
378 754 548 837 expectens
571 749 774 819 serenitatem
795 770 854 838 pre
875 748 1000 835 geudio,
1020 768 1079 815 rex
1100 747 1237 817 Frende·

74 863 154 933 rum¹
177 867 219 935 nd
240 866 376 933 tentorio
397 870 516 951 nostre,
544 867 635 935 nobis
657 866 880 952 nescientibus,
909 865 1101 953 supervenit,
1126 864 1237 933 dolone
1253 876 1312 926 dev·

74 983 193 1069 quidem
217 982 391 1049 exereitum
412 988 557 1051 nostrum
578 983 663 1050 inme
685 988 718 1050 et
734 982 843 1051 labore
857 984 1012 1067 ettritum,
1034 981 1074 1049 de
1088 981 1239 1050 smietete

73 1104 171 1167 eutem
198 1104 310 1167 nostre
336 1118 400 1167 non
428 1120 563 1187 pervum
590 1100 710 1169 hebens
737 1100 897 1185 goudium.
935 1098 1008 1186 lpse
1029 1097 1184 1185 siquidem
1206 1102 1239 1167 et

73 1236 173 1283 omues
201 1216 363 1303 prinoipes
393 1216 443 1282 sui
471 1213 605 1284 fideliter
635 1236 672 1283 no
693 1215 805 1285 devote
827 1216 1012 1303 obsequium
1033 1236 1127 1283 euum
1146 1216 1237 1283 nobie

73 1331 265 1421 optulerunt,
295 1332 445 1419 peouuies
473 1333 603 1421 insuper
630 1354 704 1399 suns
727 1337 759 1401 et
780 1352 975 1420 questumque
1000 1332 1158 1401 hebetent
1182 1350 1239 1399 vo-

72 1448 180 1517 luntati
202 1454 332 1517 nostroe
355 1450 563 1536 exponebant
632 1448 800 1517 Coniunoti
821 1470 895 1535 ergo
918 1469 991 1517 eum
1007 1448 1106 1536 oopiis
1119 1450 1239 1517 nostrie

5 1544 6 1623 s
73 1565 334 1653 etpriuoipibus,
365 1585 498 1651 quorum
520 1566 649 1653 quidum
669 1567 833 1635 nobiseum
853 1570 1088 1650 remanserunt,
1109 1565 1239 1651 quidum

71 1678 182 1749 infirmi
204 1686 239 1749 et
260 1701 319 1770 pre
340 1683 475 1770 penurie
495 1684 648 1770 pseuniee
671 1684 760 1769 sequi
782 1702 846 1751 non
867 1682 1016 1751 valebunt
1036 1687 1069 1750 et
1088 1682 1129 1750 ob
1148 1681 1182 1749 id
1196 1682 1239 1751 eb

72 1800 207 1867 mmoitu
235 1799 439 1884 recedebunt,
469 1820 568 1885 usquo
595 1799 636 1867 ud
657 1798 810 1867 Suuotum
830 1794 1028 1883 lobennsm¹,
1055 1798 1111 1867 ubi
1132 1798 1239 1887 sepul·

72 1913 175 1983 ebrum
196 1915 268 1983 eius
287 1919 319 1982 et
334 1935 452 1983 menna
468 1917 622 1985 scaturire
637 1917 787 2001 tenuitur,
809 1915 928 2001 ubsque
941 1915 1029 1982 omni
1042 1914 1237 2001 diffieultete,

72 2031 256 2101 celebraturi
276 2031 343 2099 illio
364 2032 563 2100 nutivitutem
585 2032 729 2117 Domini,
760 2032 972 2119 pervenimus.
1009 2030 1072 2099 Ubi
1092 2053 1151 2120 per
1179 2032 1239 2101 eii·
1252 2050 1346 2101 oens

72 2154 142 2235 quot
162 2148 233 2217 diss
256 2154 472 2237 repausantes,
499 2150 575 2236 quis
596 2155 628 2218 et
649 2170 707 2217 uos
729 2147 897 2217 infirmiter
920 2154 954 2217 ot
974 2148 1091 2217 multos
1112 2154 1238 2217 neutro·

5 2330 6 2339 ,
70 2284 136 2333 run
156 2266 331 2350 inuenerat,
354 2272 540 2353 reeupernte
562 2268 699 2334 suuitete
720 2264 891 2353 prooedore
909 2264 1101 2351 volebamus,
1124 2267 1237 2335 setin·

71 2381 245 2451 enormes
267 2382 443 2468 egritudine
465 2403 663 2470 nequequam
685 2384 733 2451 ire
754 2382 921 2451 vuluimue.
954 2381 1023 2451 Rex
1044 2382 1143 2467 igitur
1163 2402 1237 2451 oum

72 2499 206 2567 exoreitu
228 2498 372 2567 dolenter
393 2500 562 2587 protentus,
586 2504 739 2587 quenturu
761 2500 865 2587 potuit
884 2518 944 2567 nos
964 2498 1156 2588 prestolatus
1176 2504 1236 2584 est,

72 2620 116 2681 set
147 2615 275 2683 diutine
304 2614 473 2685 iufirmitas
500 2636 558 2685 uos
587 2617 698 2685 tonuit
789 2616 879 2696 Quod
905 2635 977 2683 oum
1003 2616 1103 2684 freter
1129 2622 1236 2683 noster

6 2756 7 2769 ³
73 2728 240 2801 Greeorum
267 2732 441 2820 imperator
468 2733 607 2818 audiret,
635 2732 836 2801 uehementer
861 2730 998 2799 indoluit
1022 2737 1056 2801 et
1076 2752 1149 2799 oum
1170 2730 1238 2799 iidie

72 2852 173 2917 nostru
200 2848 409 2919 ddenbssime
436 2850 653 2937 impsrntrioo,
682 2870 740 2917 sue
767 2847 915 2917 videlieet
939 2849 1087 2934 ooniuge,
1115 2850 1156 2915 ed
1177 2869 1236 2917 nos

72 2984 260 3055 prepropere
281 2966 452 3051 deseendit,
474 2964 648 3034 liberuliter
669 2965 760 3034 nobis
783 2970 816 3033 et
833 2966 1028 3053 principibus
1045 2966 1163 3035 nostrie
1177 2986 1238 3035 sue

74 3082 301 3151 etueoesserie
322 3081 363 3149 ed
383 3084 446 3151 iter
468 3088 614 3151 nosmum
634 3081 783 3167 largiens,
805 3082 954 3168 quetinus
977 3082 1148 3151 emedeie
1168 3083 1237 3149 suis

72 3196 156 3265 eitius
184 3218 385 3283 curaremur,
415 3199 505 3285 quasi
532 3200 565 3266 vi
586 3198 892 3286 Constantinopolim
911 3199 946 3266 in
968 3198 1122 3287 peletiunr
1143 3219 1236 3267 suum

72 3314 200 3400 reduxit,
224 3320 351 3383 tuntum
372 3314 439 3383 illie
459 3316 550 3384 nobie
573 3315 701 3383 honoris
717 3315 879 3401 exhibens,
903 3320 1056 3402 quantum
1073 3315 1153 3383 nulli
1166 3337 1235 3383 um-

73 3448 158 3515 quem
180 3432 400 3519 predoneseori
421 3436 530 3499 nostro
554 3432 729 3501 exhibitum
752 3452 822 3499 esse
843 3432 1029 3501 audivimus.
1068 3431 1145 3499 Inde
1166 3432 1235 3499 Ibe-

71 3548 259 3635 rnoymam
297 3548 455 3617 nomme
492 3542 726 3641 remunero
751 3547 908 3635 pretereo
942 3550 1125 3633 meme,
1166 3532 1235 3616 oen

73 3668 192 3733 nuotore
219 3684 338 3733 novum
366 3664 538 3733 exereitum
564 3666 610 3741 ibi
637 3666 672 3732 iu
698 3662 833 3753 pesona·
861 3664 1038 3750 nobeeturi,
1071 3670 1105 3733 et
1130 3664 1235 3733 Robm

72 3782 252 3865 processuri
288 3780 332 3847 Ut
353 3786 459 3849 eutem
480 3781 560 3849 iilud
580 3784 642 3851 iter
663 3787 812 3851 nostrum
821 3782 909 3850 Deus
930 3802 1118 3870 prosperum
1131 3782 1236 3850 iecere

73 3894 227 3984 dignetur,
257 3902 294 3964 ut
321 3896 390 3985 ipee
418 3918 487 3965 oros
516 3902 549 3967 st
574 3899 689 3967 iretres
716 3904 789 3966 tuos
815 3918 906 3966 orere
931 3898 1047 3983 indes,
1076 3904 1110 3965 et
1133 3899 1235 3965 omni·

73 4012 124 4081 bus
150 4014 297 4084 fidelibus
324 4034 382 4083 nos
409 4015 586 4083 oommittes
615 4022 648 4083 et
668 4015 922 4083 oommendntum
942 4013 1017 4083 fidei
1037 4019 1112 4083 tuee
1132 4012 1235 4081 tilium

73 4136 209 4201 nostrum
231 4132 358 4216 bebees,
381 4130 587 4219 postulemus.

136 4263 161 4320 1.
172 4262 333 4321 Ludovioue
343 4263 407 4321 v11.
460 4264 485 4319 2.
500 4261 648 4333 Ephesum
701 4262 938 4346 eliserunt.
988 4261 1015 4317 t
1029 4260 1099 4318 lus
1110 4260 1180 4332 Apr.
1189 4262 1234 4319 11.
