3117 4859
405 304 554 355 umnam
574 304 762 355 mnronnn
782 306 922 354 sas-ear.
1186 292 1252 361 356

80 444 170 511 oneri
187 444 364 513 accessisti·
378 446 522 513 vicinius.
557 446 702 515 Misimus
723 448 783 515 tibi
805 448 935 516 anulum
957 450 1195 537 subarrationis,
1217 458 1254 519 ut
1270 458 1342 515 1150

78 560 202 627 nudum
224 568 330 648 preter
353 561 514 631 Christum
537 570 711 632 amatorem
734 564 893 633 admittas.

54 815 57 820 ·
81 773 171 845 236.
194 778 356 845 made
383 778 447 845 HI
469 802 527 847 rea·
548 780 692 867 Eotpma'o
721 780 785 848 III
803 805 913 870 pupae
938 782 1068 849 Petram
1098 784 1255 871 ῳοιιόαιι

193 884 458 975 archiepiscopum
482 888 680 975 Capuanum,
712 891 767 977 qni
792 892 895 977 ipsam
923 890 967 956 ud
992 892 1156 957 curatam
1177 901 1254 977 per·

193 994 325 1075 daaera't,
349 996 550 1061 commendat.
1093 994 1148 1079 (Μ.
1166 995 1255 1078 221.)

169 1116 384 1185 Dilectissimo
404 1119 440 1185 in
455 1117 580 1185 Christo
595 1119 680 1205 patui
695 1139 752 1187 suo
767 1119 938 1204 Etugenio)
954 1125 1081 1187 sanctae
1095 1119 1256 1187 Romanae
1275 1126 1345 1182 1150
1460 1212 1467 1219 Ο

78 1232 252 1301 aecclesiae
286 1254 408 1301 summo
436 1232 578 1321 pontifici
606 1233 795 1319 Otonrcdps)
822 1236 884 1305 Dei
910 1236 1015 1321 gratia
1042 1236 1256 1304 Romanorum

78 1369 137 1417 rex
168 1354 201 1416 et
229 1371 354 1437 semper
381 1354 531 1435 augustus
554 1349 682 1419 filialem
709 1372 768 1441 per
796 1354 903 1421 omnia
924 1352 1125 1421 dilectionem
1148 1358 1180 1421 at
1202 1353 1256 1421 de-

77 1465 183 1533 bitam
204 1466 239 1533 in
260 1466 397 1534 Domino
419 1469 640 1535 reverentiam.

171 1580 240 1650 Deo
262 1583 404 1669 propicio
425 1604 477 1651 res
498 1589 624 1653 nestas
646 1584 831 1653 moderante
853 1591 886 1652 ot
907 1604 966 1672 per
988 1586 1122 1655 adversa
1137 1592 1170 1655 at
1182 1606 1256 1675 pro-

78 1717 176 1785 spera
196 1699 282 1766 vitae
303 1704 429 1767 nostrae
452 1720 580 1769 cursum
601 1702 815 1789 dispensante,
837 1707 912 1789 post
926 1702 1064 1769 reditum
1078 1709 1258 1771 nosnnma

78 1796 362 1883 llierosolimitana
379 1818 578 1905 expeditione
593 1818 684 1903 gravi
700 1824 731 1885 et
741 1818 837 1902 longa
844 1816 1030 1885 infirmitate
1040 1818 1255 1887 decubuimus.

79 1930 137 1999 Set
161 1932 272 1999 eadem
294 1932 400 1999 divine
423 1933 572 2003 bonnus
588 1936 700 2019 mutia,
724 1940 851 2001 nostrae
866 1934 962 2001 saluti
983 1935 1159 2020 consulens,
1182 1956 1256 2023 pro-

78 2048 205 2115 viderat
219 2047 310 2115 nobis
321 2048 451 2117 Petrum
462 2050 611 2139 Capuane
623 2050 793 2119 aecclesiae
803 2051 963 2137 quondam
973 2051 1256 2139 archiepiscopum,

78 2166 187 2231 uirum
214 2166 249 2231 in
277 2171 345 2233 arte
367 2167 542 2235 medicinae
566 2168 684 2254 absque
711 2168 777 2235 ulla
799 2168 995 2236 dubitatione
1016 2168 1255 2255 peritissimum.

77 2280 201 2348 Divina
222 2281 330 2367 itaque
358 2283 449 2351 nobis
478 2283 652 2371 opitulante
678 2284 896 2353 misericordia
919 2290 952 2351 et
972 2289 1162 2370 cooperante
1184 2306 1257 2372 pre·

78 2396 160 2465 dicti
182 2398 243 2465 viri
267 2398 370 2465 studio
394 2420 431 2466 ac
454 2400 627 2485 diligentia,
650 2401 808 2484 integram
830 2401 1017 2487 sospitatem
1039 2420 1097 2467 nos
1115 2403 1257 2488 recipere

78 2514 255 2599 gandemus
278 2520 372 2601 atque
395 2516 436 2582 ad
456 2538 508 2583 res
529 2517 656 2604 imperii
678 2516 843 2601 gerendas,
866 2536 944 2602 quas
965 2516 1193 2583 interveniente
1207 2518 1257 2583 in·
1400 2540 1408 2555 ’

77 2630 266 2697 valitudinis
289 2630 448 2698 obstaculo
471 2633 756 2716 intermiseramus,
784 2650 842 2697 nos
869 2636 938 2698 tota
960 2631 1059 2697 animi
1080 2631 1256 2701 intentione

77 2747 203 2815 viribus
241 2748 412 2834 resumptis
446 2749 645 2832 accingimus.
703 2747 932 2815 Paternitatem
965 2748 1072 2833 itaquo
1106 2754 1256 2848 umnam,

79 2883 178 2950 qnam
201 2884 278 2931 vera
305 2864 436 2931 caritate
465 2864 624 2949 diligimus
654 2869 686 2931 et
714 2864 752 2930 de
780 2884 844 2949 qna
864 2862 1038 2950 plurimum
1060 2862 1256 2947 confidimns,

79 2984 202 3047 asana
223 2980 380 3047 monendo
402 3000 560 3065 rogamus,
583 2985 619 3047 nt
641 2980 860 3068 prenominato
882 2981 1021 3046 cmatori
1040 2985 1148 3047 nostro
1171 2979 1257 3066 apud

78 3101 223 3163 vestram
245 3094 463 3164 celsitudinem
485 3098 600 3164 tamin
615 3097 733 3164 honore
749 3116 844 3182 quam
859 3096 893 3161 in
908 3096 1046 3163 utilitate
1062 3096 1257 3181 assequenda

79 3210 197 3297 ualeat,
214 3212 298 3297 qnod
314 3232 353 3279 ex
369 3218 436 3279 arte
452 3234 509 3281 sua
524 3213 616 3281 nobis
631 3214 765 3301 profuit3
791 3217 824 3279 et
837 3212 1022 3279 aecclesiam
1037 3231 1137 3296 snam,
1161 3230 1257 3297 qnam

79 3329 109 3395 ei
132 3328 245 3395 beatae
259 3330 430 3395 memorias
444 3350 529 3417 papa
543 3329 742 3397 Innocentius
762 3330 797 3395 in
812 3328 890 3395 urbe
904 3328 1005 3395 Roma
1018 3328 1162 3413 tradidit,
1184 3348 1257 3395 cum

79 3444 229 3512 omnibns
241 3444 311 3513 eliis
323 3444 417 3511 rebus
429 3447 494 3511 suis
506 3448 610 3532 quiete
623 3451 655 3513 et
663 3444 812 3513 honeste*
819 3444 994 3531 possideat3
1006 3463 1065 3512 nec
1077 3446 1106 3511 ci
1118 3444 1257 3530 aliquam

79 3561 262 3629 molestiam
283 3562 318 3627 in
340 3562 484 3630 omnibus
507 3562 601 3630 rebus
624 3562 685 3630 eibi
699 3561 931 3649 pertinentibus
945 3561 1057 3627 infami
1078 3560 1255 3647 patiamini.

81 3772 173 3845 237.
196 3778 357 3843 Comedus
376 3778 432 3845 III
451 3802 508 3844 res
530 3778 699 3845 Emuncets'
723 3777 915 3845 Graecorum
941 3779 1123 3864 inperatori
1143 3779 1256 3859 scribit,

194 3909 227 3949 se
261 3886 297 3950 od
331 3886 536 3951 valetudinem
567 3888 719 3973 promisso
752 3884 891 3949 eosdm
919 3883 1111 3971 satisfecisse.
1163 3884 1259 3949 Mittit

193 3994 349 4075 necdum,
374 3994 413 4059 de
433 3992 573 4058 Heinrici
594 3996 676 4080 repis
697 3994 826 4058 victorio
848 3991 1027 4056 retatus-acm.
1062 3992 1151 4055 Alios
1171 3991 1256 4075 tepu-

194 4110 240 4165 tos
257 4112 331 4187 post
353 4100 434 4165 diem
456 4100 475 4165 1
493 4100 575 4165 Mati
595 4102 721 4165 misaam
742 4100 793 4163 aa.
1093 4094 1148 4174 (M.
1169 4094 1255 4175 187.)

172 4230 362 4315 Gtonradus)
384 4231 445 4299 Dei
472 4232 576 4317 gratia
596 4230 809 4298 Romanorum
831 4232 1003 4316 imperator
1026 4232 1176 4312 angrastns
1198 4228 1255 4293 ka·
1274 4237 1343 4290 1150

82 4350 208 4419 sissimo
230 4350 323 4417 trani
346 4354 379 4415 et
399 4349 492 4417 unico
515 4348 617 4415 amico
640 4368 697 4415 suo
713 4346 906 4429 Etmanueli)
928 4345 1039 4415 cadem
1060 4345 1164 4429 matie
1178 4343 1256 4411 Gre-
1277 4310 1343 4357 hb*

155 4498 175 4532 a.
197 4482 303 4531 aarum
318 4501 338 4529 c.
401 4480 424 4529 b.
439 4482 536 4529 honeste
552 4500 571 4528 c.

984 4564 1044 4650 ιδ’
