3117 4859
396 281 546 332 wmnunr
566 279 754 332 musonis
775 280 829 331 aaa
846 280 900 330 ess.
1166 267 1234 338 629

57 421 143 490 Num
164 421 335 509 secundas,
358 443 436 510 quas
459 425 659 513 scripsimus,
686 429 814 494 restrae
833 425 1046 511 magnitudini
1066 427 1155 514 prius
1178 449 1234 517 up-
1251 432 1324 490 1162

56 545 243 628 portaverat
263 541 415 626 magister
435 540 601 610 Baldrions
617 541 820 610 Treserensis
828 538 847 610 ¹.
935 542 980 611 Et
1001 563 1086 612 nuno
1107 545 1235 631 quidem

58 677 214 745 suspenso
237 677 275 726 ao
296 657 391 726 dnbio
414 657 646 746 aliquantulum
672 659 777 726 animo
799 660 1015 747 scriptitamus
1037 667 1169 750 propter
1189 662 1235 730 le

56 779 171 859 gutum
190 779 343 860 'vestam
367 795 461 862 quem
482 777 591 844 venire
613 771 808 844 audivimus'
827 781 877 844 set
898 778 1136 866 pervenientem
1156 798 1235 846 uon·

57 891 138 958 dum
160 892 349 980 aeoepimns‚
371 897 408 959 ut
428 897 502 980 post
525 894 668 961 anditum
690 913 731 962 ex
750 893 822 981 ipso
836 893 1070 982 beneplacitum
1083 906 1234 983 vestrum,

56 1013 225 1094 nmquam
245 1007 416 1076 voluntarii
438 1009 523 1077 servi
542 1011 641 1078 vestri
663 1010 704 1077 ad
726 1029 852 1078 omnem
872 1016 984 1078 nutum
998 1018 1140 1080 vestrum
1161 1013 1236 1081 obe-

57 1124 183 1192 dientes
206 1130 238 1192 et
259 1126 380 1213 parati,
408 1126 626 1194 demandatis
649 1126 762 1196 vestro
790 1127 981 1216 exequendis
1003 1129 1140 1198 oertiora
1160 1151 1236 1218 que-

57 1241 136 1310 dam
159 1241 362 1310 exoellentise
383 1247 507 1312 vestae
528 1244 757 1312 intimaremus.

150 1358 338 1444 Enimvero,
368 1359 396 1426 si
423 1380 556 1446 regnum
582 1365 727 1429 nostrum
756 1361 864 1430 isaie
885 1362 1046 1430 intestinis
1069 1381 1107 1430 ao
1127 1363 1235 1451 perni-
1266 1380 1273 1400 ⁸

56 1476 243 1544 torminis
265 1475 403 1544 motibus
426 1497 549 1546 mesore
564 1477 731 1564 aliquando
746 1483 864 1566 posset,
886 1478 986 1547 niohil
1002 1485 1085 1548 esset
1098 1480 1237 1548 claritati

56 1599 187 1662 sestam
208 1593 425 1679 dubitandum,
450 1594 527 1681 quin
548 1600 748 1662 saerosanota
769 1601 872 1663 mater
885 1602 997 1664 nostra
1009 1596 1153 1664 Romana
1166 1618 1236 1665 aeo-

56 1709 160 1778 elesia
180 1710 335 1797 pristinae
358 1709 520 1795 dignitatis
543 1711 688 1779 deuorem
709 1731 768 1801 per
782 1712 934 1781 virtutem
949 1713 1104 1802 prinoipis
1118 1709 1238 1783 nostri'

56 1831 172 1916 posset
192 1827 341 1916 resipere.
376 1825 482 1914 Atque
504 1828 636 1914 utinam,
658 1827 740 1896 boue
761 1827 844 1914 Iesu,
868 1830 922 1916 qui
935 1831 1091 1900 seraoiter
1110 1831 1236 1900 dixisti.

56 1945 135 2031 Epo
152 1966 216 2032 pro
239 1957 268 2011 te
288 1947 410 2032 reponi,
434 1945 538 2027 Petro,
561 1958 597 2012 ot
617 1969 682 2011 noo
699 1947 823 2030 dpier'nt
834 1947 918 2030 fider
940 1943 1022 2029 tuo‘,
1046 1948 1144 2016 etiam
1164 1967 1238 2016 oum

57 2058 170 2145 Patre,
192 2079 287 2146 quem
308 2080 417 2145 rogas,
440 2059 551 2146 largiri
573 2061 729 2146 digneris:
753 2067 791 2128 ut
810 2062 950 2130 humana
971 2063 1152 2133 defensioue
1173 2084 1239 2132 nen

58 2173 182 2262 egeat‘,
211 2182 262 2245 set
287 2181 342 2243 tuo
371 2181 496 2245 tantum
519 2177 675 2246 adiutorio
698 2184 731 2246 et
752 2179 953 2247 abstrahetur
976 2180 1121 2248 innxiis
1144 2187 1177 2248 et
1198 2181 1239 2248 ad

58 2292 217 2362 anunm
238 2292 402 2380 dirigatur.
447 2294 573 2363 Durum
600 2300 649 2362 est
671 2296 772 2380 enim,
804 2316 857 2364 eos
879 2296 1016 2381 servire,
1047 2318 1124 2383 quos
1145 2302 1182 2364 tu
1203 2297 1239 2364 iu

59 2410 219 2480 altissimo
234 2411 361 2498 imperii
375 2409 511 2478 eulmine
527 2411 674 2496 dignatus
689 2431 723 2478 es
734 2411 898 2480 oollooare.
923 2411 979 2480 Set
988 2412 1067 2480 haee
1077 2413 1238 2480 haetenus.

57 2526 148 2596 Nam
170 2527 326 2615 snpientia
347 2532 454 2595 vestra
470 2527 572 2595 aDeo
593 2527 772 2594 illuminata
794 2533 827 2594 et
845 2548 904 2596 uos
918 2527 1093 2613 intelliget·
1114 2534 1147 2597 et
1168 2528 1239 2616 pln-

58 2645 149 2712 rima
169 2644 341 2732 prudenter
362 2643 531 2732 disponere
553 2646 724 2712 cousuevit
759 2640 940 2713 Soribemns
954 2645 1096 2734 apertius
1119 2650 1151 2713 et
1165 2666 1239 2732 pro·

58 2760 172 2846 lixius,
194 2777 268 2828 oum
290 2780 329 2828 ex
350 2759 455 2845 legato
477 2764 593 2846 vestro,
616 2761 693 2850 quid
715 2781 795 2850 opus
817 2763 860 2830 sit
880 2763 975 2848 fanto,
998 2762 1199 2830 audierimus.

155 2877 204 2946 De
219 2897 315 2946 eausa
327 2876 438 2944 latoris
452 2877 648 2964 presentium
666 2878 762 2967 pedes
778 2879 955 2946 sanctitatis
970 2884 1095 2947 vestrm
1110 2879 1241 2946 deosou-

59 2995 179 3080 lamur‚
194 3000 231 3062 ut
246 3014 318 3062 eum
333 2999 443 3062 matra
460 2996 730 3083 presumptionem
739 2993 894 3063 laieorum
905 2995 1042 3063 solidare
1057 2995 1240 3081 dignemini,

60 3133 106 3181 me
134 3111 324 3197 glorientur,
354 3131 388 3180 se
415 3110 591 3180 hereditate
619 3112 835 3180 sanntuarium
861 3112 924 3181 Dei
950 3113 1129 3202 possidere;
1158 3112 1242 3199 quod

62 3230 165 3298 etiam
186 3249 245 3317 per
266 3228 513 3314 suouessioum,
543 3229 716 3298 ordinando
744 3230 892 3298 videlieet
917 3231 953 3297 in
980 3229 1132 3300 aeoolesia
1158 3227 1242 3296 filios

60 3345 334 3435 predecessorum,
356 3345 508 3414 festinant
529 3347 706 3434 profanare.

65 3557 159 3632 397.
177 3562 336 3629 Wiboldss
357 3561 475 3628 Hills'oo
499 3561 728 3650 archiepiscopo
753 3563 933 3628 Treuerenss'
961 3564 1119 3651 dipositotis
1141 3585 1243 3628 woes-

179 3681 295 3744 es'ooem
314 3679 500 3765 protelatur.
547 3677 629 3744 Suos
651 3679 851 3744 eommmdot.
961 3703 966 3712 ’
1080 3673 1135 3759 (ii
1152 3676 1242 3759 377.)

156 3811 339 3879 Reverendo
362 3811 446 3899 patri
470 3830 526 3877 sno
547 3814 580 3878 et
593 3809 719 3877 domino
735 3809 881 3894 H(illino)
897 3815 1026 3878 sanotae
1040 3810 1243 3878 Treverensis
1260 3819 1332 3874 1152

64 3927 238 3997 aecclesiae
260 3927 433 3996 venerabili
459 3925 694 4015 archiepiscopo
722 3927 822 3994 frater
843 3923 1034 4010 Wiibaldus)
1056 3926 1118 3995 Dei
1140 3928 1244 4011 gratia

63 4045 112 4132 id,
136 4043 220 4131 quod
242 4049 291 4112 est
311 4045 347 4112 in
369 4043 520 4112 aeeclesia
542 4042 705 4129 catholiea,
730 4043 860 4128 exiguas
875 4043 1034 4112 orationes
1049 4048 1081 4110 et
1095 4044 1244 4112 devotum

63 4161 242 4232 servitium.

141 4300 164 4335 ι.
184 4285 280 4345 ΙηὶοΠΙΕ.
296 4301 316 4332 e.

141 4374 168 4429 1.
186 4371 222 4428 de
240 4387 296 4444 qno
314 4369 351 4428 oi.
369 4385 415 4442 ep.
427 4369 461 4427 91
480 4385 565 4442 supra
577 4387 606 4442 p.
616 4371 670 4428 164
681 4387 710 4430 u.
719 4373 747 4430 d.
817 4373 845 4428 2.
862 4370 899 4430 V.
910 4384 954 4440 ep.
967 4369 1020 4428 ³91
1038 4385 1124 4442 supra
1139 4387 1168 4444 p.
1180 4371 1242 4429 522

66 4465 94 4522 3.
115 4461 250 4519 Friderioi
267 4461 350 4532 regis.
428 4461 456 4517 4.
473 4461 543 4520 Lao.
554 4462 597 4534 22,
609 4462 655 4518 32.
731 4462 759 4519 d.
776 4457 933 4533 Suspirium
950 4458 1004 4518 hoo
1020 4457 1096 4520 olere
1111 4461 1244 4534 loquitur.

114 4558 194 4612 ouri.
211 4561 354 4606 aseneum
368 4559 386 4604 1.
996 4559 1032 4615 34
