3117 4859
456 256 604 303 wmirmr
624 254 790 303 nonnoni
812 254 865 301 1or.
1177 234 1243 303 285

71 398 152 465 serti
174 396 298 465 insuia
321 394 558 465 diffinitionibus
581 401 768 481 statuerunt
791 396 875 482 quod
897 390 1005 463 aliter¹
1025 414 1136 462 censor
1157 393 1244 481 loqui
1262 399 1332 457 1149

70 512 179 598 dehet,
203 512 296 581 aliter
317 512 432 580 rethor.
467 512 596 579 Retbori
618 534 801 580 concessum
822 519 881 597 est
903 512 1068 579 sententiis
1082 512 1131 579 uti
1144 510 1244 597 falsis,

71 630 261 715 audacibus,
283 629 432 715 subdolis,
455 630 614 717 captiosis,
638 629 665 697 si
687 630 755 697 reri
777 628 896 696 similes
918 629 1011 695 modo
1033 629 1098 695 sint
1120 634 1154 695 et
1171 648 1245 715 pos·

5 757 10 763 ’
70 746 156 812 siut·
180 746 223 813 ad
244 745 430 813 movendos⁵
446 746 567 813 animos
589 746 751 812 hominum
774 745 983 832 qualicunque
1004 749 1076 811 astu
1095 744 1244 831 irrepere.

70 861 228 931 Preterea
248 867 340 951 turpe
362 882 430 930 esee
451 867 566 950 putant
587 861 715 946 retheri,
739 863 766 929 ei
788 861 866 948 quid
886 863 922 928 in
939 860 1025 928 mala
1040 881 1136 928 cauea
1150 860 1246 927 desti·

68 982 181 1045 tutum
214 984 308 1065 atque
341 979 623 1067 inpropugnatum⁸
650 974 834 1065 relinquat¹.
934 977 1006 1045 Non
1034 971 1128 1061 ergo’
1155 976 1246 1043 decet

68 1100 222 1163 sanctum
244 1095 363 1179 virum,
384 1094 446 1161 fide
469 1101 501 1161 et
522 1095 676 1181 grauitate
698 1094 873 1181 preditum,
896 1093 982 1181 apud
1003 1093 1245 1160 christianorum

68 1232 169 1279 aures
191 1210 257 1278 tale
279 1211 356 1298 quid
377 1210 490 1296 dicere,
514 1211 597 1298 quod
618 1232 728 1279 verum
750 1231 815 1277 non
831 1230 901 1278 esse
915 1210 977 1278 sibi
993 1216 1086 1297 atque
1101 1207 1245 1276 omnibus

69 1324 251 1395 videatur'.
285 1326 345 1407 Qui
367 1328 401 1394 in
422 1347 519 1395 causa
540 1328 690 1394 canonica
712 1326 829 1395 diserte
852 1328 928 1413 agit
951 1346 1026 1395 suae
1046 1326 1156 1414 pocius
1178 1326 1245 1410 glo·

68 1444 144 1511 riae
167 1464 265 1531 quam
285 1444 386 1531 ipsius
407 1445 455 1511 rei
477 1443 634 1511 deservire
655 1448 795 1531 putatur.
829 1443 1046 1531 Ariopagitae,
1068 1442 1245 1528 castigatis-

68 1561 151 1627 simi
173 1558 306 1627 Greciae
328 1565 361 1628 et
381 1560 577 1627 Athenarum
598 1560 728 1645 iudices,
750 1581 852 1647 neque
873 1560 1024 1648 proemiis
1037 1579 1096 1627 uec
1112 1558 1245 1647 epilogis

68 1696 270 1763 quemquam
302 1676 350 1743 uti
375 1676 616 1765 permittebant,
649 1682 699 1745 set
725 1676 863 1765 simplici
890 1682 923 1743 et
949 1676 1081 1744 minime
1106 1676 1246 1743 colorata

67 1794 276 1875 narratione
310 1794 357 1859 sic
384 1792 491 1860 omnia
515 1813 597 1880 pene
625 1792 796 1861 rethoricos
828 1799 978 1881 precepta
1006 1793 1244 1880 quassabantur.

68 1908 136 1976 Est
158 1915 267 1977 tamen
289 1908 447 1975 interdum
467 1908 502 1975 in
524 1908 676 1976 aeeclesia
696 1910 832 1996 quedem
852 1930 959 1977 rerum
981 1910 1187 1997 oportunitas,
1201 1886 1246 1975 'in

68 2044 140 2110 qua
156 2024 281 2092 dicendi
296 2023 464 2091 artificium
478 2025 801 2113 inreprehensibiliter
815 2032 988 2111 exornetur,
1011 2030 1044 2093 et
1056 2026 1195 2093 mammo
1211 2026 1246 2091 in

67 2140 264 2228 predicandi
297 2138 408 2209 officio.
454 2141 491 2209 ln
522 2142 611 2209 cuius
643 2142 764 2227 gratiae
793 2142 989 2231 principatu,
1020 2163 1091 2210 meo
1119 2142 1247 2230 quidem

68 2257 211 2341 iudicio,
240 2258 369 2345 ponitur
396 2258 447 2325 vir
467 2262 647 2326 nostrorum
668 2264 847 2347 temporum
867 2258 961 2327 valde
981 2258 1114 2327 illustris
1135 2258 1247 2341 B(ern·

68 2373 209 2456 hardus)
232 2372 472 2442 Olarevallensis
495 2374 601 2442 abhas.
637 2374 802 2443 Oratorem
822 2396 973 2443 eumnon
986 2376 1144 2443 immerito
1158 2373 1248 2441 dixe-

68 2490 149 2575 rim,
174 2489 229 2575 qui
253 2490 272 2556 d
293 2486 487 2558 rethoricus·
509 2490 678 2557 diffinitur:
705 2492 762 2559 Vo-
775 2494 875 2558 bonas
889 2494 1016 2559 dicendi
1032 2496 1161 2580 perdtus.
1197 2490 1247 2557 Si-

69 2606 208 2694 quidem
223 2606 274 2672 rir
288 2605 343 2673 ille
358 2606 468 2691 bonus,
484 2606 578 2693 longo
596 2608 715 2675 heremi
729 2606 874 2693 squalore
889 2613 922 2674 et
934 2608 1060 2676 ieiuniis
1075 2628 1112 2674 ae
1126 2606 1247 2696 pallore

68 2722 237 2790 confectus
260 2722 349 2790 etin
371 2722 529 2809 quandam
551 2722 725 2812 sphituulie
747 2724 868 2791 formae
888 2724 1075 2791 tenuitatem
1090 2724 1247 2808 redactus,

67 2840 165 2928 prius
190 2838 360 2926 persuadet
379 2839 466 2906 visun
489 2859 583 2926 quam
606 2839 740 2907 auditus.
776 2840 905 2928 Optima
926 2840 955 2906 ei
978 2839 1079 2907 hDeo
1099 2858 1247 2907 concessa

69 2962 122 3024 est
137 2954 283 3040 natural,
307 2955 441 3023 eruditio
459 2976 592 3041 summa,
607 2956 763 3024 industria
776 2955 1042 3045 incomparabilis,
1057 2956 1246 3023 exercicium

68 3074 203 3158 ingens,
229 3072 448 3159 pronunciatio
472 3078 595 3159 aperta,
622 3078 727 3157 gestus
750 3074 891 3161 eorporis
913 3074 953 3139 ad
975 3092 1101 3140 omnem
1122 3071 1247 3139 dicendi

69 3188 208 3256 modum
232 3188 492 3255 accommodatus.
528 3188 599 3255 Non
620 3190 718 3274 igitur
738 3192 871 3275 mirum,
894 3189 923 3255 si
943 3190 1065 3278 potenti
1086 3193 1246 3255 tantarum

69 3326 185 3373 rerum
201 3305 319 3371 virtute
335 3305 452 3371 excitat
468 3304 668 3391 dormientes,
692 3307 800 3390 immo,
822 3304 945 3391 utplus
959 3306 1072 3389 dicam,
1094 3309 1245 3386 mortuos,

71 3428 104 3489 et
119 3420 261 3488 Domino
284 3426 472 3508 cooperante
494 3425 526 3488 et
548 3442 724 3489 sermonem
745 3420 949 3489 confirmante
972 3421 1085 3488 alterat
1104 3420 1245 3486 homines

71 3544 105 3605 et
134 3536 177 3604 ad
197 3538 308 3622 iugum
330 3536 392 3604 Dei
413 3536 512 3603 trahit
533 3538 690 3624 captivos,
720 3538 775 3625 qui
796 3538 923 3604 fuerant
943 3538 978 3604 in
999 3536 1142 3603 curribus
1164 3534 1245 3601 Pha·

70 3654 193 3721 raonis.
241 3652 333 3720 Hunc
364 3657 400 3720 tu
431 3674 505 3720 rere
532 3652 667 3722 dixisses
696 3653 910 3741 eloquentem,
939 3652 993 3740 qui
1021 3672 1085 3720 non
1113 3650 1247 3717 deshuit

147 3792 169 3826 a
191 3766 260 3838 possi
274 3796 293 3827 e.
334 3776 377 3829 .b.
393 3776 517 3825 medendos
534 3796 553 3826 c.
616 3792 636 3827 c.
652 3779 800 3839 iupuguatum
815 3796 836 3827 s.
896 3778 1001 3839 daupu
1015 3778 1096 3825 natur·
1115 3777 1191 3821 m
1204 3786 1246 3829 Ρθ·

73 3862 142 3907 ιθ.
157 3868 193 3906 m
209 3859 238 3906 οἱ.

147 3948 173 4001 l.
193 3961 229 4000 ex
241 3942 324 4001 Gellii
341 3941 402 3998 libr.
415 3942 437 3998 1.
451 3943 506 4012 6,4
524 3942 670 4013 desumpta
688 3950 753 4001 sunt
770 3944 863 4001 omnia
877 3942 960 3999 haee:
978 3941 1077 4013 „aliter
1096 3950 1194 3992 censor
1210 3961 1244 3973 —

75 4032 312 4104 inpropugnatum
325 4032 489 4104 relinquat‘t
559 4032 585 4087 2.
603 4032 684 4103 „Non
696 4048 762 4104 ergo
775 4064 809 4074 -
821 4030 967 4088 videatur“
978 4028 1090 4095 scripsit
1101 4019 1246 4079 wibaldus

75 4122 213 4181 imitando
226 4122 309 4180 Gellii
328 4122 361 4191 (Ι.
374 4124 399 4192 6,
412 4122 440 4190 b)
453 4121 544 4178 locum
556 4119 644 4177 huuc:
662 4121 737 4193 „Sed
754 4122 828 4178 euim
839 4120 986 4185 Metellum,
1004 4113 1102 4183 inquit,
1119 4112 1246 4165 motum

76 4212 181 4281 virum,
203 4212 252 4268 ills
268 4212 405 4282 prosim
428 4215 457 4267 et
474 4208 529 4267 fide
551 4210 719 4280 praeditum,
738 4240 772 4253 -
790 4210 867 4278 apud
888 4206 1021 4277 populum
1037 4202 1191 4256 Romamn
1208 4194 1247 4249 1⁰·

77 4306 223 4370 quentem,
246 4300 316 4357 nihii
339 4300 434 4356 decuit
455 4299 532 4357 aliud
554 4300 660 4369 dicere,
687 4314 769 4369 quam
791 4298 868 4367 quod
884 4308 979 4351 rerum
1001 4304 1064 4345 esse
1086 4283 1141 4341 sibi
1162 4286 1247 4351 t“1¹¹⁰

79 4390 206 4448 omuibus
223 4388 398 4447 videbatur‘t
469 4390 496 4447 d.
514 4405 533 4446 a
549 4390 585 4447 n
600 4388 705 4449 Catone
722 4404 768 4459 sp.
779 4384 939 4454 Quintilian
955 4377 1020 4434 XII·
1038 4376 1064 4445 1²
1082 4375 1108 4429 l·
