<?xml version="1.0" encoding="UTF-8"?>
<!DOCTYPE html PUBLIC "-//W3C//DTD XHTML 1.0 Transitional//EN"
    "http://www.w3.org/TR/xhtml1/DTD/xhtml1-transitional.dtd">
<html xmlns="http://www.w3.org/1999/xhtml" xml:lang="en" lang="en">
 <head>
  <title>
</title>
<meta http-equiv="Content-Type" content="text/html;charset=utf-8" />
  <meta name='ocr-system' content='tesseract 3.04.00' />
  <meta name='ocr-capabilities' content='ocr_page ocr_carea ocr_par ocr_line ocrx_word'/>
</head>
<body>
  <div class='ocr_page' id='page_1' title='image "./bibliothecareru05jaffgoog_0176.png"; bbox 0 0 3117 4859; ppageno 0'>
   <div class='ocr_carea' id='block_1_1' title="bbox 327 271 1107 339">
    <p class='ocr_par' dir='ltr' id='par_1_1' title="bbox 327 271 1107 339">
     <span class='ocr_line' id='line_1_1' title="bbox 327 271 1107 339; baseline -0.004 -2"><span class='ocrx_word' id='word_1_1' title='bbox 327 271 390 339; x_wconf 84' lang='grc'><strong>168</strong></span> <span class='ocrx_word' id='word_1_2' title='bbox 713 285 863 335; x_wconf 79' lang='lat' dir='ltr'><strong>wmnrnr</strong></span> <span class='ocrx_word' id='word_1_3' title='bbox 883 284 1049 336; x_wconf 79' lang='lat' dir='ltr'><strong>mmroun</strong></span> <span class='ocrx_word' id='word_1_4' title='bbox 1068 286 1107 333; x_wconf 74' lang='lat' dir='ltr'><strong>oe</strong></span> 
     </span>
    </p>
   </div>
   <div class='ocr_carea' id='block_1_2' title="bbox 236 424 1552 4250">
    <p class='ocr_par' dir='ltr' id='par_1_2' title="bbox 238 424 1489 1448">
     <span class='ocr_line' id='line_1_2' title="bbox 238 424 1480 516; baseline 0.004 -24"><span class='ocrx_word' id='word_1_5' title='bbox 238 432 308 493; x_wconf 80' lang='lat' dir='ltr'><strong>lue</strong></span> <span class='ocrx_word' id='word_1_6' title='bbox 326 431 499 516; x_wconf 68' lang='lat' dir='ltr'><strong>degustata</strong></span> <span class='ocrx_word' id='word_1_7' title='bbox 523 428 562 497; x_wconf 92' lang='lat' dir='ltr'><strong>de</strong></span> <span class='ocrx_word' id='word_1_8' title='bbox 578 428 693 497; x_wconf 84' lang='lat' dir='ltr'><strong>futuris</strong></span> <span class='ocrx_word' id='word_1_9' title='bbox 709 428 803 496; x_wconf 87' lang='lat' dir='ltr'><strong>auxie</strong></span> <span class='ocrx_word' id='word_1_10' title='bbox 822 428 952 495; x_wconf 87' lang='lat' dir='ltr'><strong>timetis.</strong></span> <span class='ocrx_word' id='word_1_11' title='bbox 988 424 1051 496; x_wconf 85' lang='lat' dir='ltr'><strong>Sed</strong></span> <span class='ocrx_word' id='word_1_12' title='bbox 1065 426 1262 497; x_wconf 82' lang='lat' dir='ltr'><strong>stabulensis</strong></span> <span class='ocrx_word' id='word_1_13' title='bbox 1281 428 1430 497; x_wconf 70' lang='lat' dir='ltr'><strong>recolent</strong></span> <span class='ocrx_word' id='word_1_14' title='bbox 1442 466 1480 479; x_wconf 93' lang='lat'><em>-</em></span> 
     </span>
     <span class='ocr_line' id='line_1_3' title="bbox 325 544 1482 634; baseline 0 -21"><span class='ocrx_word' id='word_1_15' title='bbox 325 566 405 634; x_wconf 83' lang='lat' dir='ltr'><strong>quoe</strong></span> <span class='ocrx_word' id='word_1_16' title='bbox 426 566 484 613; x_wconf 91' lang='lat' dir='ltr'><strong>nos</strong></span> <span class='ocrx_word' id='word_1_17' title='bbox 505 545 606 613; x_wconf 83' lang='lat' dir='ltr'><strong>lacteo</strong></span> <span class='ocrx_word' id='word_1_18' title='bbox 627 544 755 633; x_wconf 88' lang='lat' dir='ltr'><strong>pietatis</strong></span> <span class='ocrx_word' id='word_1_19' title='bbox 780 544 929 613; x_wconf 84' lang='lat' dir='ltr'><strong>alimento</strong></span> <span class='ocrx_word' id='word_1_20' title='bbox 950 545 1086 613; x_wconf 84' lang='lat' dir='ltr'><strong>nutrivit</strong></span> <span class='ocrx_word' id='word_1_21' title='bbox 1107 550 1155 631; x_wconf 89' lang='lat' dir='ltr'><strong>et,</strong></span> <span class='ocrx_word' id='word_1_22' title='bbox 1185 546 1300 614; x_wconf 88' lang='lat' dir='ltr'><strong>delicte</strong></span> <span class='ocrx_word' id='word_1_23' title='bbox 1319 547 1482 614; x_wconf 65' lang='lat' dir='ltr'><strong>inventum</strong></span> 
     </span>
     <span class='ocr_line' id='line_1_4' title="bbox 324 662 1484 750; baseline 0 -19"><span class='ocrx_word' id='word_1_24' title='bbox 324 668 450 731; x_wconf 79' lang='lat' dir='ltr'><strong>nostroe</strong></span> <span class='ocrx_word' id='word_1_25' title='bbox 473 667 506 729; x_wconf 92' lang='lat' dir='ltr'><strong>et</strong></span> <span class='ocrx_word' id='word_1_26' title='bbox 526 662 721 747; x_wconf 76' lang='lat' dir='ltr'><strong>ignorantias</strong></span> <span class='ocrx_word' id='word_1_27' title='bbox 743 667 869 730; x_wconf 84' lang='lat' dir='ltr'><strong>nostres</strong></span> <span class='ocrx_word' id='word_1_28' title='bbox 890 682 956 729; x_wconf 91' lang='lat' dir='ltr'><strong>non</strong></span> <span class='ocrx_word' id='word_1_29' title='bbox 976 662 1197 747; x_wconf 87' lang='lat' dir='ltr'><strong>reminiscens,</strong></span> <span class='ocrx_word' id='word_1_30' title='bbox 1226 682 1301 747; x_wconf 89' lang='lat' dir='ltr'><strong>nos,</strong></span> <span class='ocrx_word' id='word_1_31' title='bbox 1323 664 1353 731; x_wconf 90' lang='lat' dir='ltr'><strong>si</strong></span> <span class='ocrx_word' id='word_1_32' title='bbox 1374 684 1436 750; x_wconf 77' lang='lat' dir='ltr'><strong>que</strong></span> <span class='ocrx_word' id='word_1_33' title='bbox 1452 665 1484 731; x_wconf 90' lang='lat' dir='ltr'><strong>in</strong></span> 
     </span>
     <span class='ocr_line' id='line_1_5' title="bbox 324 778 1485 868; baseline 0 -21"><span class='ocrx_word' id='word_1_34' title='bbox 324 778 498 868; x_wconf 86' lang='lat' dir='ltr'><strong>preletione</strong></span> <span class='ocrx_word' id='word_1_35' title='bbox 520 778 720 847; x_wconf 82' lang='lat' dir='ltr'><strong>existimatur</strong></span> <span class='ocrx_word' id='word_1_36' title='bbox 741 778 895 864; x_wconf 76' lang='lat' dir='ltr'><strong>dignitas,</strong></span> <span class='ocrx_word' id='word_1_37' title='bbox 923 779 964 846; x_wconf 87' lang='lat' dir='ltr'><strong>ed</strong></span> <span class='ocrx_word' id='word_1_38' title='bbox 985 798 1144 846; x_wconf 90' lang='lat' dir='ltr'><strong>summurn</strong></span> <span class='ocrx_word' id='word_1_39' title='bbox 1166 778 1216 846; x_wconf 87' lang='lat' dir='ltr'><strong>eui</strong></span> <span class='ocrx_word' id='word_1_40' title='bbox 1236 779 1400 864; x_wconf 78' lang='lat' dir='ltr'><strong>regiminis</strong></span> <span class='ocrx_word' id='word_1_41' title='bbox 1419 800 1485 865; x_wconf 73' lang='lat' dir='ltr'><strong>gre-</strong></span> 
     </span>
     <span class='ocr_line' id='line_1_6' title="bbox 324 894 1486 984; baseline 0.001 -21"><span class='ocrx_word' id='word_1_42' title='bbox 324 897 398 963; x_wconf 92' lang='lat' dir='ltr'><strong>dum</strong></span> <span class='ocrx_word' id='word_1_43' title='bbox 420 896 567 983; x_wconf 84' lang='lat' dir='ltr'><strong>provexit</strong></span> <span class='ocrx_word' id='word_1_44' title='bbox 586 932 629 943; x_wconf 90' lang='lat'>-</span> <span class='ocrx_word' id='word_1_45' title='bbox 650 896 778 963; x_wconf 89' lang='lat' dir='ltr'><strong>interim</strong></span> <span class='ocrx_word' id='word_1_46' title='bbox 802 896 878 964; x_wconf 88' lang='lat' dir='ltr'><strong>dum</strong></span> <span class='ocrx_word' id='word_1_47' title='bbox 900 894 990 963; x_wconf 84' lang='lat' dir='ltr'><strong>vobis</strong></span> <span class='ocrx_word' id='word_1_48' title='bbox 1007 894 1191 981; x_wconf 77' lang='lat' dir='ltr'><strong>militamus,</strong></span> <span class='ocrx_word' id='word_1_49' title='bbox 1212 895 1440 984; x_wconf 89' lang='lat' dir='ltr'><strong>multiplicibus</strong></span> <span class='ocrx_word' id='word_1_50' title='bbox 1452 916 1486 964; x_wconf 81' lang='lat' dir='ltr'><strong>ec</strong></span> 
     </span>
     <span class='ocr_line' id='line_1_7' title="bbox 323 1012 1485 1101; baseline 0 -20"><span class='ocrx_word' id='word_1_51' title='bbox 323 1012 554 1081; x_wconf 76' lang='lat' dir='ltr'><strong>miserabilibus</strong></span> <span class='ocrx_word' id='word_1_52' title='bbox 575 1012 677 1081; x_wconf 90' lang='lat' dir='ltr'><strong>modis</strong></span> <span class='ocrx_word' id='word_1_53' title='bbox 699 1013 734 1079; x_wconf 91' lang='lat' dir='ltr'><strong>in</strong></span> <span class='ocrx_word' id='word_1_54' title='bbox 755 1014 865 1101; x_wconf 85' lang='lat' dir='ltr'><strong>preda,</strong></span> <span class='ocrx_word' id='word_1_55' title='bbox 887 1013 923 1080; x_wconf 92' lang='lat' dir='ltr'><strong>in</strong></span> <span class='ocrx_word' id='word_1_56' title='bbox 944 1012 1109 1097; x_wconf 87' lang='lat' dir='ltr'><strong>incendiis,</strong></span> <span class='ocrx_word' id='word_1_57' title='bbox 1131 1012 1166 1079; x_wconf 91' lang='lat' dir='ltr'><strong>iu</strong></span> <span class='ocrx_word' id='word_1_58' title='bbox 1188 1013 1348 1081; x_wconf 81' lang='lat' dir='ltr'><strong>cotidiana</strong></span> <span class='ocrx_word' id='word_1_59' title='bbox 1369 1014 1485 1101; x_wconf 77' lang='lat' dir='ltr'><strong>rapina,</strong></span> 
     </span>
     <span class='ocr_line' id='line_1_8' title="bbox 323 1128 1486 1216; baseline -0.001 -19"><span class='ocrx_word' id='word_1_60' title='bbox 323 1132 358 1199; x_wconf 90' lang='lat' dir='ltr'><strong>in</strong></span> <span class='ocrx_word' id='word_1_61' title='bbox 379 1130 507 1198; x_wconf 88' lang='lat' dir='ltr'><strong>cedibus</strong></span> <span class='ocrx_word' id='word_1_62' title='bbox 528 1129 668 1198; x_wconf 89' lang='lat' dir='ltr'><strong>lacerata</strong></span> <span class='ocrx_word' id='word_1_63' title='bbox 689 1134 746 1196; x_wconf 90' lang='lat' dir='ltr'><strong>est.</strong></span> <span class='ocrx_word' id='word_1_64' title='bbox 783 1128 835 1196; x_wconf 81' lang='lat' dir='ltr'><strong>Ad</strong></span> <span class='ocrx_word' id='word_1_65' title='bbox 857 1148 936 1216; x_wconf 86' lang='lat' dir='ltr'><strong>quas</strong></span> <span class='ocrx_word' id='word_1_66' title='bbox 957 1128 1165 1197; x_wconf 87' lang='lat' dir='ltr'><strong>contriciones</strong></span> <span class='ocrx_word' id='word_1_67' title='bbox 1185 1129 1353 1215; x_wconf 81' lang='lat' dir='ltr'><strong>senmdns,</strong></span> <span class='ocrx_word' id='word_1_68' title='bbox 1375 1150 1417 1197; x_wconf 84' lang='lat' dir='ltr'><strong>ex</strong></span> <span class='ocrx_word' id='word_1_69' title='bbox 1430 1150 1486 1216; x_wconf 88' lang='lat' dir='ltr'><strong>quo</strong></span> 
     </span>
     <span class='ocr_line' id='line_1_9' title="bbox 324 1244 1487 1334; baseline 0 -20"><span class='ocrx_word' id='word_1_70' title='bbox 324 1268 344 1314; x_wconf 90' lang='lat' dir='ltr'><strong>a</strong></span> <span class='ocrx_word' id='word_1_71' title='bbox 365 1246 479 1314; x_wconf 92' lang='lat' dir='ltr'><strong>domno</strong></span> <span class='ocrx_word' id='word_1_72' title='bbox 501 1265 586 1334; x_wconf 79' lang='lat' dir='ltr'><strong>papa</strong></span> <span class='ocrx_word' id='word_1_73' title='bbox 607 1246 804 1330; x_wconf 73' lang='lat' dir='ltr'><strong>recessimus,</strong></span> <span class='ocrx_word' id='word_1_74' title='bbox 826 1244 895 1313; x_wconf 91' lang='lat' dir='ltr'><strong>Deo</strong></span> <span class='ocrx_word' id='word_1_75' title='bbox 915 1246 1057 1333; x_wconf 88' lang='lat' dir='ltr'><strong>propicio</strong></span> <span class='ocrx_word' id='word_1_76' title='bbox 1071 1244 1163 1313; x_wconf 89' lang='lat' dir='ltr'><strong>nobis</strong></span> <span class='ocrx_word' id='word_1_77' title='bbox 1178 1246 1219 1313; x_wconf 85' lang='lat' dir='ltr'><strong>ad</strong></span> <span class='ocrx_word' id='word_1_78' title='bbox 1232 1264 1342 1334; x_wconf 76' lang='lat' dir='ltr'><strong>preces</strong></span> <span class='ocrx_word' id='word_1_79' title='bbox 1356 1246 1487 1313; x_wconf 75' lang='lat' dir='ltr'><strong>fratrem</strong></span> 
     </span>
     <span class='ocr_line' id='line_1_10' title="bbox 323 1362 1489 1448; baseline 0.002 -19"><span class='ocrx_word' id='word_1_80' title='bbox 323 1368 503 1431; x_wconf 61' lang='lat' dir='ltr'><strong>nostorum</strong></span> <span class='ocrx_word' id='word_1_81' title='bbox 525 1363 559 1430; x_wconf 93' lang='lat' dir='ltr'><strong>in</strong></span> <span class='ocrx_word' id='word_1_82' title='bbox 582 1362 773 1430; x_wconf 79' lang='lat' dir='ltr'><strong>adiutorium</strong></span> <span class='ocrx_word' id='word_1_83' title='bbox 794 1367 940 1429; x_wconf 86' lang='lat' dir='ltr'><strong>nostrum</strong></span> <span class='ocrx_word' id='word_1_84' title='bbox 961 1362 1160 1448; x_wconf 72' lang='lat' dir='ltr'><strong>intendente,</strong></span> <span class='ocrx_word' id='word_1_85' title='bbox 1182 1382 1247 1430; x_wconf 92' lang='lat' dir='ltr'><strong>non</strong></span> <span class='ocrx_word' id='word_1_86' title='bbox 1268 1362 1426 1431; x_wconf 81' lang='lat' dir='ltr'><strong>inutiliter</strong></span> <span class='ocrx_word' id='word_1_87' title='bbox 1445 1362 1489 1430; x_wconf 80' lang='lat' dir='ltr'><strong>la·</strong></span> 
     </span>
    </p>

    <p class='ocr_par' dir='ltr' id='par_1_3' title="bbox 236 1478 1552 4250">
     <span class='ocr_line' id='line_1_11' title="bbox 236 1478 1489 1564; baseline -0.002 -16"><span class='ocrx_word' id='word_1_88' title='bbox 236 1506 237 1509; x_wconf 42' lang='lat'>¹</span> <span class='ocrx_word' id='word_1_89' title='bbox 324 1480 519 1563; x_wconf 84' lang='lat' dir='ltr'><strong>beravimus3</strong></span> <span class='ocrx_word' id='word_1_90' title='bbox 549 1484 582 1547; x_wconf 89' lang='lat' dir='ltr'><strong>et</strong></span> <span class='ocrx_word' id='word_1_91' title='bbox 604 1478 820 1547; x_wconf 85' lang='lat' dir='ltr'><strong>circumdante</strong></span> <span class='ocrx_word' id='word_1_92' title='bbox 842 1499 900 1546; x_wconf 92' lang='lat' dir='ltr'><strong>uos</strong></span> <span class='ocrx_word' id='word_1_93' title='bbox 923 1483 1011 1546; x_wconf 86' lang='lat' dir='ltr'><strong>scuto</strong></span> <span class='ocrx_word' id='word_1_94' title='bbox 1034 1479 1159 1546; x_wconf 81' lang='lat' dir='ltr'><strong>diuinae</strong></span> <span class='ocrx_word' id='word_1_95' title='bbox 1180 1478 1316 1564; x_wconf 59' lang='lat' dir='ltr'><strong>madae,</strong></span> <span class='ocrx_word' id='word_1_96' title='bbox 1346 1478 1489 1546; x_wconf 87' lang='lat' dir='ltr'><strong>inimicos</strong></span> 
     </span>
     <span class='ocr_line' id='line_1_12' title="bbox 324 1594 1489 1683; baseline 0 -20"><span class='ocrx_word' id='word_1_97' title='bbox 324 1594 502 1681; x_wconf 78' lang='lat' dir='ltr'><strong>aecclesiae,</strong></span> <span class='ocrx_word' id='word_1_98' title='bbox 526 1614 584 1662; x_wconf 85' lang='lat' dir='ltr'><strong>sua</strong></span> <span class='ocrx_word' id='word_1_99' title='bbox 604 1595 815 1683; x_wconf 75' lang='lat' dir='ltr'><strong>prosperitate</strong></span> <span class='ocrx_word' id='word_1_100' title='bbox 837 1595 1009 1663; x_wconf 85' lang='lat' dir='ltr'><strong>inebriatos</strong></span> <span class='ocrx_word' id='word_1_101' title='bbox 1023 1601 1056 1663; x_wconf 92' lang='lat' dir='ltr'><strong>et</strong></span> <span class='ocrx_word' id='word_1_102' title='bbox 1069 1595 1164 1663; x_wconf 86' lang='lat' dir='ltr'><strong>rebus</strong></span> <span class='ocrx_word' id='word_1_103' title='bbox 1179 1614 1356 1683; x_wconf 84' lang='lat' dir='ltr'><strong>pauperum</strong></span> <span class='ocrx_word' id='word_1_104' title='bbox 1369 1600 1489 1663; x_wconf 87' lang='lat' dir='ltr'><strong>nostro·</strong></span> 
     </span>
     <span class='ocr_line' id='line_1_13' title="bbox 323 1710 1489 1798; baseline 0 -19"><span class='ocrx_word' id='word_1_105' title='bbox 323 1732 395 1779; x_wconf 91' lang='lat' dir='ltr'><strong>rum</strong></span> <span class='ocrx_word' id='word_1_106' title='bbox 427 1710 559 1796; x_wconf 87' lang='lat' dir='ltr'><strong>ditatos,</strong></span> <span class='ocrx_word' id='word_1_107' title='bbox 594 1710 653 1779; x_wconf 92' lang='lat' dir='ltr'><strong>sub</strong></span> <span class='ocrx_word' id='word_1_108' title='bbox 684 1711 794 1797; x_wconf 79' lang='lat' dir='ltr'><strong>iugum</strong></span> <span class='ocrx_word' id='word_1_109' title='bbox 822 1711 1071 1780; x_wconf 87' lang='lat' dir='ltr'><strong>aecclesiasticae</strong></span> <span class='ocrx_word' id='word_1_110' title='bbox 1097 1710 1283 1798; x_wconf 83' lang='lat' dir='ltr'><strong>disciplinae</strong></span> <span class='ocrx_word' id='word_1_111' title='bbox 1309 1711 1489 1779; x_wconf 70' lang='lat' dir='ltr'><strong>humiliatos</strong></span> 
     </span>
     <span class='ocr_line' id='line_1_14' title="bbox 323 1826 1488 1915; baseline 0 -20"><span class='ocrx_word' id='word_1_112' title='bbox 323 1828 460 1895; x_wconf 86' lang='lat' dir='ltr'><strong>vidimus</strong></span> <span class='ocrx_word' id='word_1_113' title='bbox 489 1832 522 1895; x_wconf 90' lang='lat' dir='ltr'><strong>et</strong></span> <span class='ocrx_word' id='word_1_114' title='bbox 547 1831 713 1915; x_wconf 87' lang='lat' dir='ltr'><strong>querentes</strong></span> <span class='ocrx_word' id='word_1_115' title='bbox 734 1827 933 1896; x_wconf 83' lang='lat' dir='ltr'><strong>reconciliari</strong></span> <span class='ocrx_word' id='word_1_116' title='bbox 955 1826 1140 1913; x_wconf 82' lang='lat' dir='ltr'><strong>aecclesiae,</strong></span> <span class='ocrx_word' id='word_1_117' title='bbox 1168 1848 1263 1915; x_wconf 87' lang='lat' dir='ltr'><strong>quam</strong></span> <span class='ocrx_word' id='word_1_118' title='bbox 1284 1826 1488 1897; x_wconf 79' lang='lat' dir='ltr'><strong>offenderunt</strong></span> 
     </span>
     <span class='ocr_line' id='line_1_15' title="bbox 324 1942 1490 2033; baseline 0.001 -22"><span class='ocrx_word' id='word_1_119' title='bbox 324 1942 380 2011; x_wconf 91' lang='lat' dir='ltr'><strong>Set</strong></span> <span class='ocrx_word' id='word_1_120' title='bbox 407 1944 555 2031; x_wconf 86' lang='lat' dir='ltr'><strong>quoniam</strong></span> <span class='ocrx_word' id='word_1_121' title='bbox 584 1964 679 2012; x_wconf 88' lang='lat' dir='ltr'><strong>oeusa</strong></span> <span class='ocrx_word' id='word_1_122' title='bbox 708 1943 845 2013; x_wconf 84' lang='lat' dir='ltr'><strong>difficilis</strong></span> <span class='ocrx_word' id='word_1_123' title='bbox 874 1948 923 2013; x_wconf 88' lang='lat' dir='ltr'><strong>est</strong></span> <span class='ocrx_word' id='word_1_124' title='bbox 949 1949 982 2011; x_wconf 88' lang='lat' dir='ltr'><strong>et</strong></span> <span class='ocrx_word' id='word_1_125' title='bbox 1005 1944 1041 2010; x_wconf 93' lang='lat' dir='ltr'><strong>in</strong></span> <span class='ocrx_word' id='word_1_126' title='bbox 1061 1943 1122 2011; x_wconf 85' lang='lat' dir='ltr'><strong>bec</strong></span> <span class='ocrx_word' id='word_1_127' title='bbox 1141 1945 1382 2033; x_wconf 72' lang='lat' dir='ltr'><strong>perturbatione</strong></span> <span class='ocrx_word' id='word_1_128' title='bbox 1402 1945 1490 2012; x_wconf 86' lang='lat' dir='ltr'><strong>multi</strong></span> 
     </span>
     <span class='ocr_line' id='line_1_16' title="bbox 322 2058 1491 2149; baseline -0.002 -20"><span class='ocrx_word' id='word_1_129' title='bbox 322 2061 446 2129; x_wconf 84' lang='lat' dir='ltr'><strong>tamin</strong></span> <span class='ocrx_word' id='word_1_130' title='bbox 467 2062 611 2149; x_wconf 88' lang='lat' dir='ltr'><strong>personis</strong></span> <span class='ocrx_word' id='word_1_131' title='bbox 634 2081 730 2148; x_wconf 85' lang='lat' dir='ltr'><strong>quem</strong></span> <span class='ocrx_word' id='word_1_132' title='bbox 752 2062 789 2129; x_wconf 90' lang='lat' dir='ltr'><strong>in</strong></span> <span class='ocrx_word' id='word_1_133' title='bbox 810 2060 904 2129; x_wconf 88' lang='lat' dir='ltr'><strong>rebus</strong></span> <span class='ocrx_word' id='word_1_134' title='bbox 926 2060 993 2127; x_wconf 85' lang='lat' dir='ltr'><strong>suis</strong></span> <span class='ocrx_word' id='word_1_135' title='bbox 1014 2061 1153 2145; x_wconf 75' lang='lat' dir='ltr'><strong>graviter</strong></span> <span class='ocrx_word' id='word_1_136' title='bbox 1174 2058 1285 2129; x_wconf 78' lang='lat' dir='ltr'><strong>offensi</strong></span> <span class='ocrx_word' id='word_1_137' title='bbox 1304 2068 1393 2148; x_wconf 80' lang='lat' dir='ltr'><strong>sunt,</strong></span> <span class='ocrx_word' id='word_1_138' title='bbox 1416 2082 1491 2149; x_wconf 84' lang='lat' dir='ltr'><strong>opos</strong></span> 
     </span>
     <span class='ocr_line' id='line_1_17' title="bbox 323 2176 1491 2266; baseline 0 -21"><span class='ocrx_word' id='word_1_139' title='bbox 323 2177 484 2266; x_wconf 86' lang='lat' dir='ltr'><strong>plenariae</strong></span> <span class='ocrx_word' id='word_1_140' title='bbox 510 2176 775 2246; x_wconf 76' lang='lat' dir='ltr'><strong>reconciliationis</strong></span> <span class='ocrx_word' id='word_1_141' title='bbox 804 2177 975 2266; x_wconf 84' lang='lat' dir='ltr'><strong>procedere</strong></span> <span class='ocrx_word' id='word_1_142' title='bbox 1003 2176 1043 2245; x_wconf 92' lang='lat' dir='ltr'><strong>de</strong></span> <span class='ocrx_word' id='word_1_143' title='bbox 1064 2176 1150 2245; x_wconf 81' lang='lat' dir='ltr'><strong>facili</strong></span> <span class='ocrx_word' id='word_1_144' title='bbox 1170 2198 1235 2245; x_wconf 87' lang='lat' dir='ltr'><strong>non</strong></span> <span class='ocrx_word' id='word_1_145' title='bbox 1255 2178 1377 2265; x_wconf 83' lang='lat' dir='ltr'><strong>potuit3</strong></span> <span class='ocrx_word' id='word_1_146' title='bbox 1406 2180 1491 2245; x_wconf 85' lang='lat' dir='ltr'><strong>euius</strong></span> 
     </span>
     <span class='ocr_line' id='line_1_18' title="bbox 323 2292 1552 2391; baseline 0.001 -29"><span class='ocrx_word' id='word_1_147' title='bbox 323 2294 418 2363; x_wconf 86' lang='lat' dir='ltr'><strong>finem</strong></span> <span class='ocrx_word' id='word_1_148' title='bbox 446 2295 540 2380; x_wconf 86' lang='lat' dir='ltr'><strong>adeo,</strong></span> <span class='ocrx_word' id='word_1_149' title='bbox 570 2294 609 2363; x_wconf 91' lang='lat' dir='ltr'><strong>de</strong></span> <span class='ocrx_word' id='word_1_150' title='bbox 637 2296 741 2379; x_wconf 77' lang='lat' dir='ltr'><strong>gratia</strong></span> <span class='ocrx_word' id='word_1_151' title='bbox 761 2292 824 2363; x_wconf 91' lang='lat' dir='ltr'><strong>Dei</strong></span> <span class='ocrx_word' id='word_1_152' title='bbox 849 2292 1055 2379; x_wconf 84' lang='lat' dir='ltr'><strong>confidentes,</strong></span> <span class='ocrx_word' id='word_1_153' title='bbox 1083 2295 1297 2382; x_wconf 87' lang='lat' dir='ltr'><strong>propinquum</strong></span> <span class='ocrx_word' id='word_1_154' title='bbox 1317 2314 1490 2383; x_wconf 86' lang='lat' dir='ltr'><strong>speramus,</strong></span> <span class='ocrx_word' id='word_1_155' title='bbox 1549 2386 1552 2391; x_wconf 21' lang='grc' dir='ltr'>Ι</span> 
     </span>
     <span class='ocr_line' id='line_1_19' title="bbox 323 2410 1491 2500; baseline 0 -21"><span class='ocrx_word' id='word_1_156' title='bbox 323 2418 373 2498; x_wconf 88' lang='lat' dir='ltr'><strong>ut,</strong></span> <span class='ocrx_word' id='word_1_157' title='bbox 401 2412 496 2479; x_wconf 91' lang='lat' dir='ltr'><strong>rebus</strong></span> <span class='ocrx_word' id='word_1_158' title='bbox 524 2411 706 2499; x_wconf 87' lang='lat' dir='ltr'><strong>compositis</strong></span> <span class='ocrx_word' id='word_1_159' title='bbox 742 2416 774 2479; x_wconf 90' lang='lat' dir='ltr'><strong>et</strong></span> <span class='ocrx_word' id='word_1_160' title='bbox 800 2412 938 2500; x_wconf 84' lang='lat' dir='ltr'><strong>pecatis,</strong></span> <span class='ocrx_word' id='word_1_161' title='bbox 973 2411 1113 2499; x_wconf 85' lang='lat' dir='ltr'><strong>expediti</strong></span> <span class='ocrx_word' id='word_1_162' title='bbox 1141 2410 1182 2477; x_wconf 84' lang='lat' dir='ltr'><strong>od</strong></span> <span class='ocrx_word' id='word_1_163' title='bbox 1210 2431 1267 2479; x_wconf 84' lang='lat' dir='ltr'><strong>vos</strong></span> <span class='ocrx_word' id='word_1_164' title='bbox 1297 2417 1330 2479; x_wconf 90' lang='lat' dir='ltr'><strong>et</strong></span> <span class='ocrx_word' id='word_1_165' title='bbox 1358 2412 1491 2480; x_wconf 67' lang='lat' dir='ltr'><strong>aboolm</strong></span> 
     </span>
     <span class='ocr_line' id='line_1_20' title="bbox 324 2526 1491 2617; baseline -0.002 -20"><span class='ocrx_word' id='word_1_166' title='bbox 324 2529 442 2616; x_wconf 89' lang='lat' dir='ltr'><strong>absque</strong></span> <span class='ocrx_word' id='word_1_167' title='bbox 469 2526 634 2617; x_wconf 82' lang='lat' dir='ltr'><strong>prolixiori</strong></span> <span class='ocrx_word' id='word_1_168' title='bbox 659 2548 750 2595; x_wconf 86' lang='lat' dir='ltr'><strong>mora</strong></span> <span class='ocrx_word' id='word_1_169' title='bbox 770 2528 876 2595; x_wconf 87' lang='lat' dir='ltr'><strong>redire</strong></span> <span class='ocrx_word' id='word_1_170' title='bbox 897 2527 1068 2595; x_wconf 79' lang='lat' dir='ltr'><strong>valeamus</strong></span> <span class='ocrx_word' id='word_1_171' title='bbox 1101 2527 1229 2595; x_wconf 87' lang='lat' dir='ltr'><strong>Etenim</strong></span> <span class='ocrx_word' id='word_1_172' title='bbox 1250 2526 1390 2596; x_wconf 72' lang='lat' dir='ltr'><strong>bansire</strong></span> <span class='ocrx_word' id='word_1_173' title='bbox 1412 2548 1491 2595; x_wconf 92' lang='lat' dir='ltr'><strong>nunc</strong></span> 
     </span>
     <span class='ocr_line' id='line_1_21' title="bbox 324 2643 1491 2731; baseline 0 -17"><span class='ocrx_word' id='word_1_174' title='bbox 324 2646 365 2714; x_wconf 92' lang='lat' dir='ltr'><strong>ad</strong></span> <span class='ocrx_word' id='word_1_175' title='bbox 386 2666 458 2731; x_wconf 83' lang='lat' dir='ltr'><strong>vor,</strong></span> <span class='ocrx_word' id='word_1_176' title='bbox 485 2666 548 2713; x_wconf 92' lang='lat' dir='ltr'><strong>uon</strong></span> <span class='ocrx_word' id='word_1_177' title='bbox 571 2649 655 2713; x_wconf 90' lang='lat' dir='ltr'><strong>esset</strong></span> <span class='ocrx_word' id='word_1_178' title='bbox 676 2643 764 2713; x_wconf 84' lang='lat' dir='ltr'><strong>vobis</strong></span> <span class='ocrx_word' id='word_1_179' title='bbox 788 2644 966 2730; x_wconf 87' lang='lat' dir='ltr'><strong>consulere,</strong></span> <span class='ocrx_word' id='word_1_180' title='bbox 989 2644 1046 2712; x_wconf 90' lang='lat' dir='ltr'><strong>sed</strong></span> <span class='ocrx_word' id='word_1_181' title='bbox 1068 2643 1288 2712; x_wconf 86' lang='lat' dir='ltr'><strong>Stabuleusem</strong></span> <span class='ocrx_word' id='word_1_182' title='bbox 1308 2645 1491 2714; x_wconf 82' lang='lat' dir='ltr'><strong>aecclesiam</strong></span> 
     </span>
     <span class='ocr_line' id='line_1_22' title="bbox 323 2760 1491 2851; baseline 0 -22"><span class='ocrx_word' id='word_1_183' title='bbox 323 2762 459 2851; x_wconf 85' lang='lat' dir='ltr'><strong>turpiter</strong></span> <span class='ocrx_word' id='word_1_184' title='bbox 482 2768 514 2831; x_wconf 91' lang='lat' dir='ltr'><strong>et</strong></span> <span class='ocrx_word' id='word_1_185' title='bbox 536 2780 608 2829; x_wconf 90' lang='lat' dir='ltr'><strong>cunr</strong></span> <span class='ocrx_word' id='word_1_186' title='bbox 629 2766 706 2829; x_wconf 86' lang='lat' dir='ltr'><strong>nota</strong></span> <span class='ocrx_word' id='word_1_187' title='bbox 719 2760 845 2846; x_wconf 73' lang='lat' dir='ltr'><strong>fugitivi</strong></span> <span class='ocrx_word' id='word_1_188' title='bbox 860 2760 1013 2828; x_wconf 87' lang='lat' dir='ltr'><strong>deserere.</strong></span> <span class='ocrx_word' id='word_1_189' title='bbox 1048 2760 1115 2829; x_wconf 89' lang='lat' dir='ltr'><strong>Noc</strong></span> <span class='ocrx_word' id='word_1_190' title='bbox 1128 2760 1199 2827; x_wconf 91' lang='lat' dir='ltr'><strong>ideo</strong></span> <span class='ocrx_word' id='word_1_191' title='bbox 1214 2761 1389 2847; x_wconf 73' lang='lat' dir='ltr'><strong>tardemus,</strong></span> <span class='ocrx_word' id='word_1_192' title='bbox 1411 2761 1491 2848; x_wconf 88' lang='lat' dir='ltr'><strong>quod</strong></span> 
     </span>
     <span class='ocr_line' id='line_1_23' title="bbox 323 2875 1489 2967; baseline -0.001 -21"><span class='ocrx_word' id='word_1_193' title='bbox 323 2885 396 2967; x_wconf 88' lang='lat' dir='ltr'><strong>post</strong></span> <span class='ocrx_word' id='word_1_194' title='bbox 416 2878 533 2947; x_wconf 90' lang='lat' dir='ltr'><strong>multos</strong></span> <span class='ocrx_word' id='word_1_195' title='bbox 555 2877 679 2946; x_wconf 90' lang='lat' dir='ltr'><strong>labores</strong></span> <span class='ocrx_word' id='word_1_196' title='bbox 702 2883 735 2945; x_wconf 93' lang='lat' dir='ltr'><strong>et</strong></span> <span class='ocrx_word' id='word_1_197' title='bbox 757 2875 994 2962; x_wconf 85' lang='lat' dir='ltr'><strong>sollicitudines,</strong></span> <span class='ocrx_word' id='word_1_198' title='bbox 1019 2877 1132 2963; x_wconf 89' lang='lat' dir='ltr'><strong>quibus</strong></span> <span class='ocrx_word' id='word_1_199' title='bbox 1153 2878 1219 2944; x_wconf 90' lang='lat' dir='ltr'><strong>iam</strong></span> <span class='ocrx_word' id='word_1_200' title='bbox 1240 2876 1334 2962; x_wconf 78' lang='lat' dir='ltr'><strong>longo</strong></span> <span class='ocrx_word' id='word_1_201' title='bbox 1351 2883 1489 2966; x_wconf 89' lang='lat' dir='ltr'><strong>ternpore</strong></span> 
     </span>
     <span class='ocr_line' id='line_1_24' title="bbox 322 2992 1489 3083; baseline 0 -20"><span class='ocrx_word' id='word_1_202' title='bbox 322 2995 459 3083; x_wconf 88' lang='lat' dir='ltr'><strong>inpliciti</strong></span> <span class='ocrx_word' id='word_1_203' title='bbox 480 2995 608 3080; x_wconf 80' lang='lat' dir='ltr'><strong>brimus,</strong></span> <span class='ocrx_word' id='word_1_204' title='bbox 630 2994 773 3081; x_wconf 90' lang='lat' dir='ltr'><strong>requiem</strong></span> <span class='ocrx_word' id='word_1_205' title='bbox 786 2992 878 3061; x_wconf 86' lang='lat' dir='ltr'><strong>nobis</strong></span> <span class='ocrx_word' id='word_1_206' title='bbox 896 2998 929 3061; x_wconf 91' lang='lat' dir='ltr'><strong>et</strong></span> <span class='ocrx_word' id='word_1_207' title='bbox 945 2994 1139 3061; x_wconf 79' lang='lat' dir='ltr'><strong>curatiomm</strong></span> <span class='ocrx_word' id='word_1_208' title='bbox 1153 2994 1395 3081; x_wconf 83' lang='lat' dir='ltr'><strong>provideamue3</strong></span> <span class='ocrx_word' id='word_1_209' title='bbox 1418 3015 1489 3082; x_wconf 90' lang='lat' dir='ltr'><strong>quo-</strong></span> 
     </span>
     <span class='ocr_line' id='line_1_25' title="bbox 323 3109 1489 3199; baseline -0.001 -21"><span class='ocrx_word' id='word_1_210' title='bbox 323 3113 410 3179; x_wconf 83' lang='lat' dir='ltr'><strong>niam</strong></span> <span class='ocrx_word' id='word_1_211' title='bbox 438 3112 458 3179; x_wconf 81' lang='lat' dir='ltr'><strong>t</strong></span> <span class='ocrx_word' id='word_1_212' title='bbox 484 3110 656 3199; x_wconf 89' lang='lat' dir='ltr'><strong>primordio</strong></span> <span class='ocrx_word' id='word_1_213' title='bbox 686 3116 814 3177; x_wconf 88' lang='lat' dir='ltr'><strong>nostrae</strong></span> <span class='ocrx_word' id='word_1_214' title='bbox 841 3109 1049 3197; x_wconf 87' lang='lat' dir='ltr'><strong>promotionis</strong></span> <span class='ocrx_word' id='word_1_215' title='bbox 1075 3131 1237 3198; x_wconf 84' lang='lat' dir='ltr'><strong>nonquam</strong></span> <span class='ocrx_word' id='word_1_216' title='bbox 1261 3116 1328 3179; x_wconf 83' lang='lat' dir='ltr'><strong>tam</strong></span> <span class='ocrx_word' id='word_1_217' title='bbox 1350 3112 1489 3180; x_wconf 74' lang='lat' dir='ltr'><strong>temdum</strong></span> 
     </span>
     <span class='ocr_line' id='line_1_26' title="bbox 324 3226 1490 3317; baseline 0.001 -22"><span class='ocrx_word' id='word_1_218' title='bbox 324 3232 356 3296; x_wconf 91' lang='lat' dir='ltr'><strong>et</strong></span> <span class='ocrx_word' id='word_1_219' title='bbox 378 3227 477 3295; x_wconf 88' lang='lat' dir='ltr'><strong>enimi</strong></span> <span class='ocrx_word' id='word_1_220' title='bbox 500 3232 531 3295; x_wconf 91' lang='lat' dir='ltr'><strong>et</strong></span> <span class='ocrx_word' id='word_1_221' title='bbox 554 3228 694 3315; x_wconf 91' lang='lat' dir='ltr'><strong>corporis</strong></span> <span class='ocrx_word' id='word_1_222' title='bbox 712 3227 913 3311; x_wconf 77' lang='lat' dir='ltr'><strong>fatigationes</strong></span> <span class='ocrx_word' id='word_1_223' title='bbox 927 3226 1124 3315; x_wconf 87' lang='lat' dir='ltr'><strong>pertulimus.</strong></span> <span class='ocrx_word' id='word_1_224' title='bbox 1194 3227 1490 3317; x_wconf 79' lang='lat' dir='ltr'><strong>Gareatprudentia</strong></span> 
     </span>
     <span class='ocr_line' id='line_1_27' title="bbox 324 3342 1488 3431; baseline 0.002 -20"><span class='ocrx_word' id='word_1_225' title='bbox 324 3348 445 3429; x_wconf 70' lang='lat' dir='ltr'><strong>veona,</strong></span> <span class='ocrx_word' id='word_1_226' title='bbox 474 3364 515 3411; x_wconf 92' lang='lat' dir='ltr'><strong>ue</strong></span> <span class='ocrx_word' id='word_1_227' title='bbox 543 3365 666 3429; x_wconf 88' lang='lat' dir='ltr'><strong>rumor,</strong></span> <span class='ocrx_word' id='word_1_228' title='bbox 696 3343 750 3430; x_wconf 90' lang='lat' dir='ltr'><strong>qui</strong></span> <span class='ocrx_word' id='word_1_229' title='bbox 777 3343 950 3410; x_wconf 88' lang='lat' dir='ltr'><strong>demente</strong></span> <span class='ocrx_word' id='word_1_230' title='bbox 977 3349 1083 3413; x_wconf 82' lang='lat' dir='ltr'><strong>restro</strong></span> <span class='ocrx_word' id='word_1_231' title='bbox 1105 3342 1323 3413; x_wconf 88' lang='lat' dir='ltr'><strong>Brunesberob</strong></span> <span class='ocrx_word' id='word_1_232' title='bbox 1345 3346 1488 3431; x_wconf 74' lang='lat' dir='ltr'><strong>agitatur,</strong></span> 
     </span>
     <span class='ocr_line' id='line_1_28' title="bbox 325 3458 1489 3547; baseline 0 -18"><span class='ocrx_word' id='word_1_233' title='bbox 325 3461 365 3529; x_wconf 87' lang='lat' dir='ltr'><strong>ab</strong></span> <span class='ocrx_word' id='word_1_234' title='bbox 386 3460 436 3527; x_wconf 92' lang='lat' dir='ltr'><strong>his</strong></span> <span class='ocrx_word' id='word_1_235' title='bbox 459 3458 563 3528; x_wconf 86' lang='lat' dir='ltr'><strong>alatur</strong></span> <span class='ocrx_word' id='word_1_236' title='bbox 586 3466 618 3529; x_wconf 92' lang='lat' dir='ltr'><strong>et</strong></span> <span class='ocrx_word' id='word_1_237' title='bbox 640 3464 802 3546; x_wconf 78' lang='lat' dir='ltr'><strong>augeatur,</strong></span> <span class='ocrx_word' id='word_1_238' title='bbox 829 3460 964 3547; x_wconf 89' lang='lat' dir='ltr'><strong>quinos</strong></span> <span class='ocrx_word' id='word_1_239' title='bbox 986 3461 1126 3529; x_wconf 90' lang='lat' dir='ltr'><strong>eiusdem</strong></span> <span class='ocrx_word' id='word_1_240' title='bbox 1147 3462 1264 3529; x_wconf 87' lang='lat' dir='ltr'><strong>montis</strong></span> <span class='ocrx_word' id='word_1_241' title='bbox 1286 3460 1411 3530; x_wconf 81' lang='lat' dir='ltr'><strong>edificio</strong></span> <span class='ocrx_word' id='word_1_242' title='bbox 1431 3480 1489 3529; x_wconf 90' lang='lat' dir='ltr'><strong>non</strong></span> 
     </span>
     <span class='ocr_line' id='line_1_29' title="bbox 325 3576 1489 3665; baseline 0 -20"><span class='ocrx_word' id='word_1_243' title='bbox 325 3576 443 3663; x_wconf 89' lang='lat' dir='ltr'><strong>absque</strong></span> <span class='ocrx_word' id='word_1_244' title='bbox 470 3596 584 3662; x_wconf 80' lang='lat' dir='ltr'><strong>magno</strong></span> <span class='ocrx_word' id='word_1_245' title='bbox 610 3578 718 3647; x_wconf 85' lang='lat' dir='ltr'><strong>labore</strong></span> <span class='ocrx_word' id='word_1_246' title='bbox 747 3583 779 3645; x_wconf 90' lang='lat' dir='ltr'><strong>et</strong></span> <span class='ocrx_word' id='word_1_247' title='bbox 806 3578 941 3664; x_wconf 87' lang='lat' dir='ltr'><strong>inpensa</strong></span> <span class='ocrx_word' id='word_1_248' title='bbox 967 3577 1086 3645; x_wconf 84' lang='lat' dir='ltr'><strong>involvi</strong></span> <span class='ocrx_word' id='word_1_249' title='bbox 1112 3578 1301 3647; x_wconf 84' lang='lat' dir='ltr'><strong>desiderant</strong></span> <span class='ocrx_word' id='word_1_250' title='bbox 1393 3578 1489 3665; x_wconf 84' lang='lat' dir='ltr'><strong>Super</strong></span> 
     </span>
     <span class='ocr_line' id='line_1_30' title="bbox 325 3692 1489 3780; baseline -0.002 -17"><span class='ocrx_word' id='word_1_251' title='bbox 325 3694 455 3778; x_wconf 83' lang='lat' dir='ltr'><strong>domno,</strong></span> <span class='ocrx_word' id='word_1_252' title='bbox 482 3692 567 3780; x_wconf 93' lang='lat' dir='ltr'><strong>quod</strong></span> <span class='ocrx_word' id='word_1_253' title='bbox 588 3693 709 3761; x_wconf 86' lang='lat' dir='ltr'><strong>civibus</strong></span> <span class='ocrx_word' id='word_1_254' title='bbox 733 3698 766 3761; x_wconf 89' lang='lat' dir='ltr'><strong>et</strong></span> <span class='ocrx_word' id='word_1_255' title='bbox 787 3694 1047 3763; x_wconf 71' lang='lat' dir='ltr'><strong>ministerialibus</strong></span> <span class='ocrx_word' id='word_1_256' title='bbox 1068 3696 1185 3763; x_wconf 87' lang='lat' dir='ltr'><strong>nostris</strong></span> <span class='ocrx_word' id='word_1_257' title='bbox 1207 3695 1248 3762; x_wconf 95' lang='lat' dir='ltr'><strong>de</strong></span> <span class='ocrx_word' id='word_1_258' title='bbox 1268 3694 1402 3762; x_wconf 84' lang='lat' dir='ltr'><strong>Huxera</strong></span> <span class='ocrx_word' id='word_1_259' title='bbox 1422 3714 1489 3762; x_wconf 92' lang='lat' dir='ltr'><strong>cou-</strong></span> 
     </span>
     <span class='ocr_line' id='line_1_31' title="bbox 324 3808 1488 3899; baseline 0.002 -22"><span class='ocrx_word' id='word_1_260' title='bbox 324 3811 413 3897; x_wconf 73' lang='lat' dir='ltr'><strong>ogit,</strong></span> <span class='ocrx_word' id='word_1_261' title='bbox 440 3810 531 3878; x_wconf 85' lang='lat' dir='ltr'><strong>valde</strong></span> <span class='ocrx_word' id='word_1_262' title='bbox 554 3808 711 3897; x_wconf 88' lang='lat' dir='ltr'><strong>dolentes,</strong></span> <span class='ocrx_word' id='word_1_263' title='bbox 740 3810 856 3879; x_wconf 93' lang='lat' dir='ltr'><strong>domno</strong></span> <span class='ocrx_word' id='word_1_264' title='bbox 878 3831 981 3899; x_wconf 86' lang='lat' dir='ltr'><strong>papae</strong></span> <span class='ocrx_word' id='word_1_265' title='bbox 1002 3812 1232 3898; x_wconf 84' lang='lat' dir='ltr'><strong>querimoniam</strong></span> <span class='ocrx_word' id='word_1_266' title='bbox 1253 3812 1311 3879; x_wconf 88' lang='lat' dir='ltr'><strong>sub</strong></span> <span class='ocrx_word' id='word_1_267' title='bbox 1333 3810 1488 3879; x_wconf 82' lang='lat' dir='ltr'><strong>eeleritate</strong></span> 
     </span>
     <span class='ocr_line' id='line_1_32' title="bbox 324 3927 1487 4013; baseline -0.003 -16"><span class='ocrx_word' id='word_1_268' title='bbox 324 3927 567 4012; x_wconf 84' lang='lat' dir='ltr'><strong>transmisimus,</strong></span> <span class='ocrx_word' id='word_1_269' title='bbox 591 3932 727 4013; x_wconf 87' lang='lat' dir='ltr'><strong>orantes,</strong></span> <span class='ocrx_word' id='word_1_270' title='bbox 749 3932 787 3994; x_wconf 92' lang='lat' dir='ltr'><strong>ut</strong></span> <span class='ocrx_word' id='word_1_271' title='bbox 809 3928 979 3995; x_wconf 88' lang='lat' dir='ltr'><strong>secundum</strong></span> <span class='ocrx_word' id='word_1_272' title='bbox 1000 3928 1136 3997; x_wconf 77' lang='lat' dir='ltr'><strong>formam</strong></span> <span class='ocrx_word' id='word_1_273' title='bbox 1155 3929 1274 3997; x_wconf 87' lang='lat' dir='ltr'><strong>decreti</strong></span> <span class='ocrx_word' id='word_1_274' title='bbox 1288 3929 1308 3995; x_wconf 85' lang='lat' dir='ltr'><strong>t</strong></span> <span class='ocrx_word' id='word_1_275' title='bbox 1321 3949 1357 3997; x_wconf 86' lang='lat' dir='ltr'><strong>ae</strong></span> <span class='ocrx_word' id='word_1_276' title='bbox 1370 3929 1408 3997; x_wconf 92' lang='lat' dir='ltr'><strong>in</strong></span> <span class='ocrx_word' id='word_1_277' title='bbox 1421 3948 1487 3997; x_wconf 83' lang='lat' dir='ltr'><strong>con·</strong></span> 
     </span>
     <span class='ocr_line' id='line_1_33' title="bbox 325 4043 1487 4117; baseline -0.003 -2"><span class='ocrx_word' id='word_1_278' title='bbox 325 4045 397 4115; x_wconf 88' lang='lat' dir='ltr'><strong>cilio</strong></span> <span class='ocrx_word' id='word_1_279' title='bbox 419 4043 567 4117; x_wconf 72' lang='lat' dir='ltr'><strong>demensi</strong></span> <span class='ocrx_word' id='word_1_280' title='bbox 595 4050 737 4113; x_wconf 87' lang='lat' dir='ltr'><strong>recenter</strong></span> <span class='ocrx_word' id='word_1_281' title='bbox 764 4045 928 4112; x_wconf 89' lang='lat' dir='ltr'><strong>constituti</strong></span> <span class='ocrx_word' id='word_1_282' title='bbox 955 4056 1061 4113; x_wconf 85' lang='lat'><strong>....·</strong></span> <span class='ocrx_word' id='word_1_283' title='bbox 1084 4046 1246 4113; x_wconf 89' lang='lat' dir='ltr'><strong>dominum</strong></span> <span class='ocrx_word' id='word_1_284' title='bbox 1267 4050 1414 4113; x_wconf 82' lang='lat' dir='ltr'><strong>neruum</strong></span> <span class='ocrx_word' id='word_1_285' title='bbox 1433 4044 1487 4113; x_wconf 88' lang='lat' dir='ltr'><strong>Pa·</strong></span> 
     </span>
     <span class='ocr_line' id='line_1_34' title="bbox 325 4156 1487 4250; baseline 0 -20"><span class='ocrx_word' id='word_1_286' title='bbox 325 4161 583 4231; x_wconf 90' lang='lat' dir='ltr'><strong>tberbornensem</strong></span> <span class='ocrx_word' id='word_1_287' title='bbox 607 4156 808 4250; x_wconf 89' lang='lat' dir='ltr'><strong>episcopum¹</strong></span> <span class='ocrx_word' id='word_1_288' title='bbox 827 4161 995 4247; x_wconf 77' lang='lat' dir='ltr'><strong>diligenter</strong></span> <span class='ocrx_word' id='word_1_289' title='bbox 1015 4168 1228 4248; x_wconf 84' lang='lat' dir='ltr'><strong>commoneat,</strong></span> <span class='ocrx_word' id='word_1_290' title='bbox 1257 4162 1406 4250; x_wconf 81' lang='lat' dir='ltr'><strong>quatinus</strong></span> <span class='ocrx_word' id='word_1_291' title='bbox 1419 4159 1487 4231; x_wconf 84' lang='lat' dir='ltr'><strong>Ful-</strong></span> 
     </span>
    </p>
   </div>
   <div class='ocr_carea' id='block_1_3' title="bbox 395 4313 636 4469">
    <p class='ocr_par' dir='ltr' id='par_1_4' title="bbox 395 4313 636 4469">
     <span class='ocr_line' id='line_1_35' title="bbox 395 4313 630 4361; baseline 0 0"><span class='ocrx_word' id='word_1_292' title='bbox 395 4326 417 4361; x_wconf 78' lang='lat' dir='ltr'><strong>a.</strong></span> <span class='ocrx_word' id='word_1_293' title='bbox 437 4314 523 4361; x_wconf 71' lang='lat' dir='ltr'><strong>lam</strong></span> <span class='ocrx_word' id='word_1_294' title='bbox 538 4316 562 4361; x_wconf 72' lang='lat' dir='ltr'><strong>ln</strong></span> <span class='ocrx_word' id='word_1_295' title='bbox 577 4313 630 4361; x_wconf 83' lang='lat' dir='ltr'><strong>eod.</strong></span> 
     </span>
     <span class='ocr_line' id='line_1_36' title="bbox 396 4406 636 4469; baseline -0.004 -2"><span class='ocrx_word' id='word_1_296' title='bbox 396 4410 422 4469; x_wconf 88' lang='lat'><strong>1.</strong></span> <span class='ocrx_word' id='word_1_297' title='bbox 438 4406 636 4467; x_wconf 77' lang='lat' dir='ltr'><strong>Bembcrdunr.</strong></span> 
     </span>
    </p>
   </div>
   <div class='ocr_carea' id='block_1_4' title="bbox 0 0 1566 4859">
    <p class='ocr_par' dir='ltr' id='par_1_5' title="bbox 0 0 1566 4859">
     <span class='ocr_line' id='line_1_37' title="bbox 0 0 1566 4859; baseline 0 0"><span class='ocrx_word' id='word_1_298' title='bbox 0 0 1566 4859; x_wconf 95' lang='lat' dir='ltr'><strong> </strong></span> 
     </span>
    </p>
   </div>
  </div>
 </body>
</html>
