3117 4859
315 234 379 303 160
662 252 812 303 wmnnm
832 252 1019 304 massonam
1038 254 1077 303 aa
1092 253 1131 301 er.

220 398 289 457 1148
312 395 353 463 ad
374 400 580 463 memoratam
602 395 787 465 aecclesiam
809 398 976 484 amadatis,
998 403 1035 463 nt
1055 397 1170 464 iratres
1192 395 1334 464 eiusdem
1353 394 1419 462 loci
1438 393 1477 463 da

211 475 413 579 Apr'⁸ln0110
437 511 572 580 olomeo
595 513 691 581 roem
713 514 773 582 aer
795 520 901 582 roseo
923 514 1053 581 onero
1068 512 1336 597 anguicomae
1352 516 1478 579 saeue

312 634 481 716 pastorem
502 648 560 718 per
582 650 675 717 quem
697 635 790 716 grata
801 631 870 699 Deo
885 650 979 699 verae
992 629 1154 715 religionis
1169 628 1302 714 emmer,
1324 648 1386 715 qus
1400 626 1478 695 inibi

312 744 471 833 deperisse
486 744 669 833 dinoscitur,
683 748 788 815 valeat
800 747 975 815 reformari.
1001 746 1086 816 Data
1094 746 1206 815 'Remis
1221 748 1243 813 6
1258 744 1332 813 ldns
1347 742 1481 833 Aprilis

792 926 1003 939 ——n

313 1056 375 1128 87.
401 1058 553 1127 Hecricas
575 1082 674 1127 comes
688 1062 893 1128 Nemorensis
910 1074 940 1129 et
953 1062 1259 1149 Luaeiemborperreir
1273 1058 1419 1147 Euromo
1436 1056 1491 1125 m

399 1177 505 1243 scribit
526 1178 564 1243 de
586 1201 644 1243 suso
665 1178 718 1245 lite
740 1201 810 1244 cum
833 1178 990 1245 Richards
1014 1178 1232 1244 archidiacono
1254 1176 1453 1241 Virdonensi

1340 1288 1398 1372 (M.
1415 1289 1484 1371 72)

223 1451 293 1508 1148
399 1406 581 1497 Reverendo
607 1408 693 1496 patri
720 1414 752 1477 et
774 1408 901 1476 domino
923 1429 980 1476 suo
1002 1405 1144 1493 Eugenic
1172 1412 1297 1477 sanctae
1319 1404 1485 1473 &manae

312 1521 480 1591 aecclesiae
502 1545 624 1592 summo
646 1524 789 1612 pontifici
810 1524 965 1594 Henricus
985 1547 1089 1595 comes
1110 1525 1149 1593 de
1163 1524 1304 1591 Namuco
1326 1528 1360 1589 et
1380 1520 1485 1588 ane-

310 1638 471 1707 lemburch
493 1640 692 1709 devotionem
713 1640 771 1709 filii
794 1661 866 1708 cum
887 1640 972 1709 fideli
994 1643 1133 1710 servitio.

400 1754 488 1824 Sicut
513 1757 596 1825 inter
623 1778 675 1825 me
702 1763 734 1826 et
755 1757 947 1825 Richardum
975 1758 1228 1825 archidiaconum
1249 1754 1486 1823 virdunensem

311 1872 344 1939 in
367 1873 454 1941 curia
475 1880 581 1942 vestra
603 1874 747 1942 Treveris
757 1871 774 1962 ¹,
797 1875 956 1942 mediante
979 1874 1209 1943 clarevallense
1232 1866 1374 1956 abbute',
1399 1872 1486 1937 ordi·

310 1994 421 2057 natum
442 1990 502 2058 luit
531 1990 617 2057 etin
639 1996 763 2059 vestrae
786 1991 963 2059 sanctitatis
985 1992 1145 2079 presentia
1172 1987 1411 2073 confirmatum,
1440 1988 1487 2054 ita

311 2105 362 2173 die
384 2107 554 2173 constituta
576 2107 741 2175 observare
765 2112 797 2175 et
815 2106 987 2196 adimplere
1002 2106 1104 2175 modis
1120 2107 1264 2175 omnibus
1278 2104 1486 2193 postmodum

311 2221 396 2289 volni
418 2222 476 2289 sub
491 2224 670 2290 testimonio
686 2223 893 2292 virdunensis
914 2220 1071 2313 episcopi⁸
1087 2230 1119 2291 et
1133 2222 1330 2292 corbeiensis
1347 2221 1485 2289 abbatis.

312 2336 368 2405 Set
387 2338 457 2426 ipse
471 2338 644 2406 Richardus
667 2340 903 2408 archidiaconus
917 2340 1009 2407 valde
1027 2341 1189 2426 ingeniose
1203 2338 1288 2428 cepit
1302 2338 1486 2405 occasiones

311 2475 451 2541 querere,
474 2455 608 2543 qualiter
630 2457 650 2525 t
670 2458 841 2546 propositis
863 2457 1093 2527 conditionibus
1114 2457 1289 2541 recederet,
1313 2460 1346 2521 et
1367 2453 1487 2522 Ansel·

310 2593 397 2641 mum
420 2572 576 2659 quendam
598 2574 747 2660 liberum,
778 2573 938 2641 hominem
959 2594 1080 2660 meum,
1110 2579 1204 2661 atque
1227 2572 1304 2640 alica
1327 2571 1487 2658 quosdam

311 2689 449 2757 studiose
471 2689 661 2777 solicitant,
683 2711 724 2757 ne
746 2690 889 2757 homines
911 2691 961 2757 sui
982 2689 1094 2757 tierent
1116 2696 1149 2757 et
1162 2711 1202 2757 ne
1217 2687 1379 2774 beneficia,
1403 2708 1486 2774 quaa

311 2805 403 2873 ime
424 2806 555 2891 habent,
584 2806 623 2875 ab
650 2806 750 2895 ipsius
779 2828 876 2873 manu
901 2808 1086 2893 reciperent.
1132 2806 1200 2892 Ego
1223 2826 1281 2894 pro
1302 2806 1487 2873 reverentia

311 2922 409 2989 vestm
431 2921 624 3010 apostolatus
646 2924 681 2990 in
702 2924 853 3012 predictis
869 2924 1099 2991 conditionibus
1118 2929 1150 2991 et
1163 2922 1280 3011 placite
1294 2940 1486 3008 permanere

312 3037 428 3124 absque
450 3036 521 3105 dolo
545 3045 578 3107 et
599 3040 667 3107 sine
689 3039 800 3106 fraude
822 3039 908 3123 volo;
932 3059 1004 3108 cum
1018 3045 1134 3125 tamen,
1158 3040 1234 3107 siin
1249 3038 1353 3124 gratia
1375 3043 1486 3105 vestra

310 3150 379 3219 fieri
401 3160 524 3241 posset,
552 3162 588 3223 ut
609 3176 660 3224 me
683 3155 804 3223 dehac
825 3176 920 3223 causa
942 3176 1047 3223 coram
1069 3176 1140 3224 meo
1161 3155 1264 3223 iudice
1284 3154 1432 3245 pulsaret
1453 3158 1486 3223 et

311 3266 345 3336 in
366 3269 450 3355 foro,
479 3272 531 3337 cui
552 3272 629 3340 haec
650 3272 825 3340 iurisdictio
846 3272 1000 3362 pertinet,
1029 3293 1125 3361 super
1146 3272 1206 3339 hoc
1226 3272 1353 3356 litigare
1375 3271 1485 3356 vellet,

310 3390 456 3473 paratum
485 3407 536 3454 mc
557 3388 659 3455 modis
682 3388 826 3456 omnibus
849 3390 1012 3457 inveniret
1058 3388 1237 3477 Eapropter
1256 3389 1485 3476 paternitatem

311 3507 449 3570 vestram
460 3503 571 3571 humili
582 3505 811 3593 supplicatione
822 3504 982 3594 deprecor,
994 3506 1169 3593 ne·inme‚
1181 3506 1270 3573 vobis
1281 3504 1484 3589 obedientem

312 3624 344 3687 et
366 3640 404 3687 ea
425 3641 504 3706 quae
519 3622 696 3710 prescripta
716 3627 790 3689 sunt
804 3622 971 3690 observare
985 3623 1173 3709 cupientem,
1196 3620 1388 3689 sententiam
1409 3622 1484 3688 mit

310 3736 386 3803 tatis
408 3735 459 3804 vel
480 3742 599 3805 terram
620 3759 723 3805 meam
750 3738 808 3807 sub
838 3739 942 3826 aliquo
970 3739 1137 3837 interdicto¹
1165 3739 1305 3827 ponatis,
1333 3740 1483 3825 quatinus

312 3857 435 3921 vestrae
463 3874 617 3942 personae
639 3854 856 3922 excellentiam
883 3860 971 3923 tanto
994 3856 1065 3945 plus
1088 3856 1219 3941 diligere
1239 3856 1364 3922 valeam
1387 3862 1421 3924 et
1442 3854 1483 3923 ad

312 3968 525 4037 defensionem
547 3971 696 4039 ecclesiae
717 3971 778 4049 Dei
801 3992 870 4041 esse
892 3971 1043 4041 devotior.

383 4126 405 4161 ι.
426 4126 455 4160 na
470 4116 553 4173 scripsi
564 4131 608 4175 pro
622 4116 649 4161 ul
665 4114 716 4165 cod.

312 4294 347 4353 be
385 4209 410 4311 1.
430 4208 723 4353 fflimassecembd
743 4211 812 4267 1147
830 4211 1055 4269 adsecutus.
1115 4210 1141 4266 2.
1159 4209 1330 4267 Bemlrardo.
1388 4211 1416 4269 3.
1433 4209 1480 4268 ΔΙ·

347 4312 422 4354 roura

789 4426 1002 4441 ὴ
