3117 4859
413 253 562 305 wmannr
583 253 770 304 nrmuouan
791 252 846 300 eor.
862 252 918 300 soe.
1103 292 1106 298 .
1185 237 1252 305 535

167 392 317 466 Pervenit
339 397 381 464 ad
402 417 494 466 aures
516 403 652 482 nocuas,
677 395 761 484 quod
780 399 855 485 post
869 393 1065 480 electionem,
1087 407 1199 482 quam·
1212 397 1252 467 de
1275 401 1346 458 rica

64 531 216 600 persona
241 513 349 582 dilecti
375 511 434 582 filii
467 515 569 582 nostri
596 512 776 597 aternani)
810 513 966 600 prepositi
998 511 1098 580 vesti
1131 475 1351 600 carneam1

65 633 184 716 preter
213 636 350 717 septem,
384 631 514 698 consilio
541 629 760 715 religiosorum
787 629 960 696 secundum
987 627 1094 696 Deum
1120 628 1250 716 fecistis,

67 743 217 814 Oicensis
236 746 402 833 epncopns
412 743 429 832 ¹,
452 746 595 832 neglecta
617 747 667 814 sui
689 745 809 812 ordinis
832 745 1007 830 honestate,
1029 750 1140 813 conta
1159 745 1252 814 iusti·

65 862 160 930 mam
181 867 215 930 et
236 863 491 931 constitutionem
514 868 695 931 sanctornm
716 867 845 950 patrum
867 883 902 930 sc
923 862 1086 930 innostra
1100 861 1252 930 aecclesia

64 978 165 1063 regio
186 978 293 1048 favore
307 981 451 1064 ingerere
464 981 553 1048 nisus
568 980 625 1062 sit,
649 985 690 1064 et,
714 980 797 1046 sicut
811 968 1000 1067 accepimns,
1023 979 1063 1046 ab
1077 980 1147 1065 ipso
1161 981 1251 1068 prin·

65 1094 148 1182 cipe
173 1095 393 1164 investituram
419 1095 529 1164 illicite
562 1096 722 1186 suscipere
755 1096 886 1164 minime
918 1095 1110 1162 formidavit
1161 1095 1251 1176 Quod

65 1231 172 1297 quam
194 1232 329 1299 pravum
351 1217 383 1281 et
404 1213 570 1298 indignum
592 1214 644 1298 sit,
668 1215 722 1300 qui
745 1212 813 1281 zelo
835 1198 1035 1280 rectitudinis
1052 1211 1162 1297 utitur,
1184 1233 1251 1280 non

64 1327 209 1413 ignorat
245 1328 327 1408 Quia
340 1350 414 1414 ergo
429 1330 498 1417 pati
511 1349 570 1398 nec
583 1351 750 1418 possumus
765 1349 826 1398 nec
839 1329 1000 1415 debemus,
1021 1329 1104 1414 quod
1118 1328 1249 1398 libertas

65 1443 245 1514 aecclesiae
268 1445 444 1531 ancilletur,
467 1447 557 1530 vigor
579 1446 829 1514 aecclesiasticus
851 1445 1062 1514 contundatur
1078 1449 1110 1512 et
1124 1450 1249 1512 saucto-

64 1582 147 1628 rum
166 1566 295 1648 patrum
316 1562 556 1632 constitutiones
573 1563 748 1649 irritentur,
770 1583 830 1651 per
848 1562 1010 1650 presentie
1023 1561 1113 1628 vobis
1129 1561 1250 1648 scripta

64 1677 259 1746 mandamus
283 1684 377 1766 atque
391 1680 595 1767 precipimus,
619 1685 784 1766 quatenus,
807 1680 836 1747 si
854 1678 1016 1767 predictus
1032 1677 1198 1766 episcopus
1213 1678 1248 1746 in

66 1793 226 1864 aeeclesia
247 1801 354 1864 vostra
376 1817 410 1864 sc
432 1797 574 1881 ingerere
591 1796 837 1884 attemptaverit,
860 1795 891 1864 ei
906 1795 1054 1863 maistam
1070 1815 1128 1862 sen
1141 1795 1249 1866 favere

65 1911 251 1980 nullatenus
274 1913 480 1998 presumatis,
510 1917 558 1980 set
585 1913 625 1980 ab
647 1933 684 1982 co
706 1918 869 2000 tamquam
892 1912 933 1980 ab
953 1913 1101 1979 invasore
1121 1913 1249 2000 penitus

66 2029 221 2113 cavate,
244 2029 363 2114 scituri,
388 2028 481 2115 quod,
504 2030 559 2116 qni
580 2029 673 2100 aliter
694 2031 934 2118 presumpserit,
958 2027 1054 2096 officii
1075 2029 1126 2096 sui
1140 2033 1173 2097 ot
1194 2029 1248 2097 be-

64 2141 176 2212 neficii
197 2145 309 2232 procul
323 2145 417 2214 dubio
434 2145 589 2214 iacturam
609 2147 758 2214 incunet.
793 2146 880 2214 Data
894 2145 1003 2232 Signis
1016 2144 1086 2213 Kal.
1098 2145 1246 2231 Augusti.

66 2309 162 2430 402.
183 2359 344 2450 Eopeoias
367 2357 423 2427 m
431 2383 524 2449 papa
547 2364 705 2450 episcopos
722 2361 911 2430 Germaniae
932 2360 1140 2448 reprehendit,
1164 2364 1249 2451 qood

182 2475 381 2543 Wiadmareoo
398 2478 436 2543 de
450 2477 522 2542 sede
535 2477 653 2543 Cicerei
667 2478 712 2542 ad
721 2477 1019 2566 Mopdedorpeoeem
1029 2477 1246 2566 transferendo

175 2591 318 2682 jaceant.
352 2593 513 2674 Hortatur,
537 2603 682 2658 moereant
695 2591 893 2658 Friderieom
906 2591 930 2658 I
937 2614 1050 2681 regem,
1074 2604 1109 2658 ot
1122 2592 1181 2659 doe
1197 2595 1246 2659 io·

182 2719 268 2796 cepto
290 2704 443 2774 desistat!
1084 2705 1139 2790 (Μ
1156 2708 1246 2794 382.)

158 2831 318 2916 Eugenius
341 2831 507 2920 episcopus
530 2851 638 2900 servus
662 2851 826 2900 servorum
842 2829 905 2898 Dei
926 2832 1159 2901 venerabilibus
1181 2833 1245 2900 fra·
1278 2841 1347 2898 1152

64 2949 181 3033 tribus,
203 2947 434 3032 Eiberhardo)⁰
459 2947 691 3034 Sodzburgensi,
714 2947 881 3032 Μηνίου)
903 2947 1086 3016 Bremensid
1109 2954 1142 3016 et
1163 2949 1247 3033 Ηίθ-
1261 2915 1360 2974 *m

64 3065 146 3149 lino)
163 3065 344 3133 Trevirensi
365 3064 621 3153 archiepiscopis,
643 3064 854 3148 E(berhardo)
875 3064 1128 3151 Bambergensi⁰,
1151 3065 1245 3150 H(cr-

65 3181 197 3266 manno)
225 3181 475 3268 constantiensi,
504 3181 668 3266 H(enrico)
696 3181 933 3268 Ratisbonensi,
963 3182 1096 3267 Otttoni)
1123 3182 1245 3252 Frisiu-

66 3298 167 3386 gensi,
191 3296 360 3382 Otonredo)
382 3297 573 3384 Patavienei,
595 3298 748 3382 Dianieli)
763 3299 926 3385 Pragensi,
948 3299 1126 3383 A(neelmo)
1148 3300 1245 3368 Avel-

66 3415 219 3500 bergenei
241 3419 273 3482 ct
294 3414 501 3499 Biurchardo)
524 3415 727 3500 Egistadensi
754 3416 928 3505 episcopis,
956 3416 1091 3484 salutem
1113 3422 1146 3484 ct
1168 3438 1243 3505 apo-

66 3531 211 3602 stolicam
233 3531 490 3600 benedictionem.

156 3646 312 3733 Litteras,
341 3669 419 3734 quae
434 3667 506 3742 pro
534 3667 630 3716 cause
651 3646 910 3734 Medeburgensis
939 3647 1110 3717 aecclesias
1136 3656 1244 3718 vestm

66 3764 158 3833 nobis
187 3764 357 3852 prudentie
384 3763 557 3851 delegavit,
592 3764 698 3832 debita
726 3764 920 3852 benignitate
947 3766 1152 3854 suscepimus.
1204 3767 1242 3836 In

65 3881 201 3950 lectione
224 3886 331 3949 autem
354 3887 386 3950 et
408 3881 585 3966 cognitione
606 3881 751 3970 ipsarum
773 3884 901 3969 stupore
923 3883 1022 3956 nimio
1045 3886 1077 3949 et
1091 3883 1241 3951 ammira-

65 3999 153 4068 tione
175 3996 289 4087 repleti
310 4019 430 4085 snmus,
453 4018 489 4066 eo
513 3997 597 4084 quod
617 3996 710 4082 longe
733 3995 820 4064 aliud
841 3996 951 4083 ineis,
973 4019 1068 4085 quarn
1082 3999 1185 4068 vobis‘
1200 4021 1241 4069 ex

139 4146 161 4180 ι
183 4145 228 4192 qua
248 4133 300 4180 eod.
362 4132 385 4180 b.
405 4134 469 4180 Haec
489 4133 586 4192 epistola
607 4133 688 4195 legiter
708 4135 776 4180 aira
798 4149 838 4192 op.
854 4135 931 4179 orror.
946 4135 1044 4196 hiring.
1068 4135 1112 4181 Va
1130 4135 1242 4184 roderet
1292 4191 1295 4196 Ι

66 4215 94 4262 lo.
105 4215 137 4261 11.
152 4230 172 4259 e.
183 4211 206 4259 8.
273 4225 293 4258 c.
313 4209 339 4257 F.
356 4212 407 4259 eod.
474 4209 497 4258 d.
516 4211 627 4259 Brcnensi
643 4213 695 4260 cod.
765 4227 786 4260 o.
806 4211 969 4271 Hmbergcnsi
985 4212 1035 4261 eud.
1104 4213 1120 4263 i·
1140 4218 1240 4272 seorim

66 4307 95 4341 cx
108 4291 174 4339 robis
192 4294 215 4338 r'rr
231 4291 283 4338 rect

139 4371 163 4426 1.
181 4365 389 4426 wichmannus.
