3117 4859
430 268 580 317 wmsrn1
600 267 766 317 memnone
787 268 842 315 son
1152 252 1218 321 321

56 407 180 497 quidem
201 410 351 479 nemus
364 409 496 479 feoimus
511 409 552 479 od
566 409 769 499 voluptatem,
793 412 1287 539 oetnunorogsrooogimnroct
1259 416 1330 473 1149

54 546 108 613 per
134 528 365 595 necessitatem.
414 526 543 595 Etenim
571 533 705 615 quantos
732 528 937 596 oontumelim
965 528 1034 595 ot
1024 548 1059 595 ιιι
1085 490 1287 615 ιιιιιιοιιιιοοι
1329 504 1352 539 ’

55 648 160 709 nostru
183 644 246 711 et
236 664 271 711 m
292 645 386 712 rebus
409 645 634 731 sustnenmus,
656 645 792 731 littoreo,
815 664 894 733 qnos
916 646 1031 713 domno
1052 646 1122 731 rogi
1143 644 1221 712 sori·

39 758 185 845 psimm,
208 764 281 829 tuoe
303 760 464 829 dilectioni
485 766 631 849 potenter
652 762 846 830 indioobunt.
879 761 963 829 Sene
977 762 1038 829 hoo
1049 760 1223 851 plurimum

56 894 106 943 oor
131 882 278 945 nostrum
303 879 370 945 urit
396 883 429 945 et
454 878 659 964 eogitetiones
687 884 813 947 nostros
839 879 875 946 in
900 878 1042 947 dolorem
1071 877 1223 962 sooondit,

58 991 136 1076 quod
163 993 205 1061 sb
234 993 345 1061 emulis
370 996 487 1063 nostris
508 996 659 1081 ioototur,
687 996 788 1081 mulo,
816 1014 897 1083 quoe
917 996 1010 1063 nobis
1031 995 1223 1079 oooidomnt,

56 1114 131 1175 rimu
153 1128 192 1175 so
205 1109 368 1179 voluntate
390 1112 509 1179 domini
529 1113 631 1180 nostri
652 1114 737 1197 rogis
760 1113 918 1197 ovoniss03
940 1132 979 1179 oo
998 1110 1107 1179 fidelos
1123 1112 1225 1179 nostri

57 1244 149 1313 super
169 1225 231 1294 hoo
245 1228 457 1295 oonieoturum
472 1234 609 1314 sumunt,
632 1229 717 1316 quod
731 1230 861 1298 absente
875 1229 1003 1296 domino
1016 1234 1125 1295 nostro
1139 1248 1224 1314 rege,

57 1358 125 1409 omn
144 1362 281 1429 regnum
302 1344 531 1431 quodammodo
553 1345 729 1413 ohndiome
750 1350 926 1435 putaretur,
947 1344 1047 1413 niohil
1066 1344 1132 1413 tulo
1152 1364 1225 1433 pro-

58 1464 217 1547 sumptum
243 1461 314 1527 fuit.
367 1460 423 1529 Set
449 1461 609 1530 reeordari
637 1462 728 1531 doeet
755 1462 983 1549 experientium
1010 1466 1099 1530 tuom
1126 1466 1159 1529 et
1185 1459 1227 1529 sd

58 1578 240 1645 memoriam
261 1576 411 1645 reduoere
433 1577 560 1646 domino
582 1584 689 1646 nostro
712 1577 790 1663 roffi
814 1578 949 1664 qualiter
971 1578 1012 1645 sd
1033 1580 1152 1666 primus
1174 1577 1228 1644 iit·

58 1696 137 1759 toros
165 1698 310 1780 nostros,
338 1714 410 1762 oum
437 1696 472 1763 in
495 1696 540 1763 oio
562 1696 627 1783 ipsi
647 1695 819 1763 revertenti
840 1694 966 1763 devotio
987 1700 1098 1763 nostro
1119 1712 1228 1762 ooour·
1243 1710 1301 1759 runt

58 1814 137 1877 roret
159 1830 198 1879 so
220 1810 260 1879 de
281 1810 531 1898 impedimentis,
555 1832 635 1899 quoe
656 1811 748 1879 nohis
770 1811 857 1899 apud
876 1811 1080 1880 Kominstam
1101 1817 1135 1879 et
1155 1811 1228 1879 Vis·

58 1923 127 1993 tiok
141 1927 333 2014 oeciderunt,
355 1928 532 2019 supplioom
546 1930 576 1995 ei
590 1928 750 2015 querolum
764 1928 988 2016 optulissemns
996 1925 1015 2015 ¹,
1037 1928 1229 2017 respondere

59 2040 201 2127 donatus
225 2046 276 2113 sit
310 2044 397 2124 Quse
410 2044 509 2113 verbo.
529 2044 708 2113 huiusmodi
723 2052 812 2113 sunt:
837 2046 927 2129 Quae
940 2045 1120 2115 Cordeionoi
1133 2047 1226 2113 ecole-

61 2161 121 2227 o'ao
135 2186 202 2250 pro
225 2176 281 2229 toa
298 2164 462 2231 dierum
475 2166 511 2229 in
526 2164 671 2247 domin,
694 2166 869 2231 Kaminoto
885 2166 1028 2232 wldar
1042 2178 1071 2231 er
1091 2163 1226 2244 Votok,

62 2280 253 2362 conmonuit,
270 2282 314 2347 od
326 2302 402 2347 nouo
417 2284 484 2347 eoo
494 2280 566 2347 Doo
581 2294 735 2349 eunomio
750 2282 1016 2361 ommatium
1039 2285 1125 2362 corti,
1144 2280 1230 2367 qood

63 2390 251 2463 Corbeionsos
272 2401 461 2484 pommiom,
492 2418 588 2484 quom
614 2400 786 2465 iuramenti
810 2402 981 2465 asomum
1002 2400 1227 2485 promotam,

63 2512 269 2581 odouacer
282 2514 373 2581 nodio
383 2508 594 2601 persolvant².
625 2511 662 2579 In
676 2513 797 2581 eisdem
809 2513 925 2581 litteris
938 2513 1031 2582 nobis
1044 2511 1230 2579 mundatum

62 2623 131 2711 init,
152 2629 304 2715 quatinus
326 2630 361 2696 in
383 2630 599 2716 assumptione
621 2634 749 2696 semotus
770 2626 908 2697 Muto·
929 2630 1168 2698 ankonerort
1189 2627 1231 2694 sd

65 2743 177 2811 enirm
198 2746 396 2832 veniremus,
418 2745 474 2813 ubi
495 2750 562 2812 tom
586 2746 625 2813 de
647 2745 780 2832 privetis
804 2764 900 2832 quum
921 2748 961 2815 de
981 2746 1119 2834 publiois
1140 2744 1231 2829 regni

65 2862 190 2944 nogotiis
220 2862 309 2947 regis
337 2860 490 2930 eelsitudo
518 2880 589 2929 oum
617 2868 727 2929 nostra
748 2863 906 2950 parvitate
926 2862 1077 2929 familiari
1099 2860 1231 2930 oonsilio

66 2980 226 3047 eonvenire
248 2980 439 3064 dignaretur.
486 2978 574 3045 Intro
595 2980 679 3065 quod
700 2978 853 3067 temporis
875 2978 1018 3067 spooiom
1040 2978 1131 3047 eurio.
1151 2977 1233 3045 oete·

66 3088 150 3161 brotn
177 3091 243 3163 est‘
269 3096 353 3183 opud
379 3093 604 3181 Werzeboroh,
637 3094 693 3163 ubi
726 3097 886 3184 prinsipes
916 3095 1072 3163 Saxonioe
1105 3095 1232 3164 domino
1250 3113 1333 3162 rursu
1362 3110 1366 3117 ·

67 3215 166 3278 nostro
194 3212 265 3297 regi
292 3217 504 3279 ooourrorunt.
550 3212 603 3279 Ad
631 3232 702 3279 oum
729 3214 851 3280 eurtum
873 3214 960 3280 venit
988 3213 1117 3299 quidum
1142 3232 1232 3300 pres·

68 3320 157 3413 bitur,
192 3328 233 3397 sb
267 3328 427 3397 abbatisse
453 3328 493 3396 de
526 3324 660 3395 Giseke⁶
693 3329 839 3397 mercede
869 3351 927 3417 pro
961 3330 1094 3397 dimidio
1125 3349 1234 3397 moros

69 3442 247 3531 oondnotus,
276 3445 327 3513 oui
349 3444 447 3513 niohil
469 3444 508 3511 de
530 3444 748 3513 Kominatensi
769 3466 806 3513 re
827 3446 1021 3535 pertinebat,
1044 3446 1100 3533 qui
1123 3446 1234 3513 advor-

70 3574 132 3625 sum
151 3582 221 3647 nos,
244 3567 280 3629 ut
300 3563 393 3630 modo
416 3562 554 3650 primum
578 3562 765 3648 audivimus,
788 3563 905 3631 multos
919 3563 1063 3650 querelas
1078 3562 1233 3651 deposuit.

71 3670 137 3763 Qui,
165 3698 239 3747 oum
264 3679 388 3749 littores
417 3678 537 3747 domini
562 3680 664 3747 nostri
685 3680 769 3764 regis
791 3680 949 3747 nescimus
971 3701 1034 3767 quo
1055 3680 1235 3747 interventu

72 3796 233 3881 eoeperit,
267 3816 402 3884 qnorum
435 3796 661 3865 continentium
687 3796 822 3863 necdum
848 3816 1036 3883 eognosoere
1063 3796 1234 3884 potuimus,

72 3903 279 3981 dissominuvit
305 3934 363 4001 per
389 3918 491 3981 totum
513 3912 702 3998 Sororium,
731 3935 766 3981 se
791 3914 851 3981 hoo
871 3915 908 3981 iu
927 3914 1044 3981 littoris
1066 3912 1234 3999 occepisse,

73 4028 112 4110 11.
133 4048 334 4117 quaeeunque
355 4051 413 4119 per
427 4050 485 4099 nos
503 4031 589 4119 opud
602 4030 805 4099 nominatam
826 4036 917 4116 gesto
938 4036 1039 4116 erunt,
1061 4029 1181 4097 oussuri
1202 4032 1236 4096 et

136 4213 160 4268 1.
177 4214 289 4285 ep.180
306 4230 390 4285 snpra
406 4230 433 4285 p.
447 4214 510 4270 300.
563 4215 588 4270 2.
608 4232 651 4285 ep.
663 4216 714 4271 181
728 4230 813 4285 snpra
824 4231 851 4285 p.
862 4214 923 4270 302.
976 4214 1003 4270 o.
1022 4212 1092 4269 1149
1105 4211 1179 4283 Aug.
1190 4212 1233 4268 15.

76 4294 99 4353 4.
118 4300 183 4359 1149
200 4304 253 4361 lul.
264 4304 310 4361 25.
332 4303 369 4361 V.
380 4303 504 4361 Annales
526 4303 688 4361 Pelidemsos
710 4306 780 4361 1149
804 4304 888 4374 (tion.
907 4302 1001 4361 Germ.
1017 4300 1067 4359 SS.
1083 4301 1162 4360 XVI.
1179 4302 1234 4374 84),

77 4388 211 4451 onom
229 4409 320 4451 meum
338 4393 374 4451 do
391 4392 517 4452 Gonrsdo
534 4394 576 4451 111
592 4409 621 4465 p.
634 4394 686 4451 1⁷1
704 4410 733 4450 n.
745 4392 789 4449 15.
860 4392 888 4450 ὅ.
905 4390 1027 4450 Inditho.

123 4488 197 4547 imi.
211 4494 387 4541 nodorum
986 4492 1021 4547 21
