3117 4859
443 304 591 351 wmncm
613 302 778 353 nrrsrom
802 300 854 350 rar.
1167 284 1233 353 205
1351 290 1357 302 “

65 440 150 511 127.
176 444 333 512 Widcldaa
344 444 384 512 H.
396 448 580 514 monacham
594 447 806 514 Staootaaem
817 449 861 513 cd
871 448 1064 513 aardcadam
1074 447 1233 533 bortatur,-

173 574 266 650 atqrae
287 564 365 629 libro
389 565 525 653 pscdcm
539 546 713 647 somnaado
735 566 864 629 inebtct.
1072 561 1126 644 (hi.
1146 563 1233 645 106.)

148 692 264 785 Frater
285 694 474 780 Wlibaldns)
502 696 562 763 Dei
596 698 699 781 gratia
732 696 765 762 id
801 696 884 783 qnod
914 702 963 763 est
996 695 1165 763 karissimo
1199 696 1234 763 in
1251 708 1322 763 1148

60 808 188 877 Christo
210 808 276 877 filio
299 832 355 878 suo
379 812 418 879 H.
436 813 695 880 benedictionem.

151 926 325 995 Scribimus
353 928 412 995 tibi
436 950 475 996 en
498 929 597 997 altera
618 932 702 1015 vice,
731 936 764 998 et
785 931 926 997 studium
947 935 1038 995 tuum
1059 930 1234 996 excitamus

60 1050 91 1111 et
112 1045 353 1131 responsionem
368 1044 573 1113 sollicitamus
590 1052 622 1113 et
636 1047 886 1113 vicissitudinem
900 1044 1088 1130 flagitamus.
1116 1044 1234 1112 Verum

60 1160 144 1246 quod
173 1180 233 1227 nec
261 1160 374 1227 calami
401 1182 459 1229 nec
486 1164 653 1230 atramenti
675 1165 880 1251 responsione
901 1183 986 1229 nunc
1007 1163 1123 1247 uteris,
1150 1163 1233 1228 ratio

59 1276 104 1342 tui
132 1278 255 1344 silentii
283 1298 340 1344 nos
367 1280 498 1347 edocere
519 1282 699 1365 estimatur,
728 1270 812 1368 quod
834 1286 907 1347 actu
929 1285 962 1347 et
982 1280 1053 1365 ipsa
1074 1301 1111 1346 re
1131 1279 1233 1363 magis

60 1391 146 1479 loqui
174 1394 266 1460 nobis
295 1396 458 1463 contendis
494 1418 589 1484 quam
617 1397 838 1465 articularibus
872 1402 904 1464 et
929 1396 1089 1463 vocalibus
1117 1397 1235 1462 instru-

60 1510 188 1595 mentis,
212 1512 303 1577 iuxta
323 1512 403 1578 illud
416 1499 564 1580 Iohannis
587 1515 736 1601 apostoli:
760 1518 837 1581 Noa
852 1516 1018 1602 diligamus
1030 1516 1122 1579 cerdo
1137 1538 1236 1602 aeque

60 1628 183 1715 Rapum,
214 1640 259 1695 aar
287 1652 380 1717 opere
403 1642 431 1695 er
452 1633 579 1697 vedare
588 1626 605 1697 ¹.
642 1630 806 1717 Siquidem
828 1629 912 1715 quod
934 1630 969 1695 in
990 1629 1083 1695 domo
1106 1627 1235 1694 Domini

62 1742 100 1807 ad
123 1742 262 1811 salutem
284 1746 479 1829 animarum,
504 1746 544 1811 ad
566 1746 765 1831 refrigerium
788 1753 821 1813 et
842 1746 1049 1813 valitudinem
1069 1764 1236 1831 corporum

62 1858 210 1927 edificare
236 1861 467 1946 inchoavimus,
500 1866 536 1928 tu
564 1862 707 1950 perficis,
735 1864 911 1951 inperfecta
938 1882 1153 1946 consummas,
1180 1882 1236 1928 ne-

61 1975 164 2059 glecta
193 1998 303 2064 ornas,
334 1979 488 2067 dissipata
511 1981 662 2065 resarcis,
692 1980 837 2068 dispersa
858 1998 1029 2063 congregas
1052 1984 1085 2045 et
1106 1998 1236 2063 congre·

62 2098 134 2175 gata
157 2114 338 2161 conservas.
373 2094 561 2164 Benedictus
584 2102 636 2181 tu,
664 2096 710 2163 fili
733 2100 795 2183 mi,
819 2118 839 2163 a
860 2095 1012 2180 Domino,
1035 2096 1090 2181 qui
1111 2099 1236 2181 patrem

62 2214 151 2276 tuum
180 2210 332 2295 honoras,
366 2214 421 2299 qui
447 2220 664 2301 preceptorem
691 2220 783 2281 tuum
810 2214 933 2298 diligis,
963 2213 1017 2299 qui
1045 2211 1237 2278 eruditorem

63 2330 151 2393 tuum
174 2328 279 2412 foves,
307 2330 497 2396 nutritorem
519 2330 727 2418 amplecteris.
761 2328 880 2415 Legem
901 2329 1057 2416 implesti,
1078 2335 1236 2395 monaste·

63 2443 145 2509 rium
168 2450 261 2510 tuum
283 2446 411 2530 auxisti,
435 2446 618 2513 aecclesiam
636 2446 696 2514 Dei
719 2448 884 2515 decorasti.
920 2446 1029 2513 Scribe
1050 2451 1159 2513 tamen
1179 2465 1237 2510 no·

64 2557 110 2625 bis
132 2560 210 2627 stilo
232 2558 386 2628 hominis²
410 2582 482 2629 cum
511 2562 631 2629 calamo
658 2565 772 2651 operis.
808 2563 919 2630 Molles
942 2562 1098 2630 aunculas
1121 2562 1238 2627 habent

65 2674 201 2761 domini,
229 2677 348 2745 habent
374 2678 503 2764 divites,
532 2680 712 2748 adulatione
739 2681 917 2768 capiuntur.
954 2679 1009 2745 Set
1037 2678 1119 2745 siout
1139 2678 1196 2744 illa
1218 2697 1238 2743 a

65 2792 124 2858 tuis
153 2794 274 2860 sanctis
297 2794 436 2862 moribus
464 2795 556 2880 longe
585 2796 693 2863 exulat
722 2802 754 2864 et
775 2816 905 2883 prorsus
928 2802 1078 2862 extranea
1100 2799 1164 2877 est,
1192 2794 1238 2859 ita

66 2926 119 2975 nos
142 2930 210 2977 non
233 2931 303 2976 earn
326 2910 555 2998 amplectimur,
579 2918 627 2980 set
649 2913 822 2981 amicorum
844 2918 1024 2980 nostrorum
1046 2909 1184 2977 visitatio
1205 2916 1238 2977 et

66 3028 240 3114 scripturae
269 3027 368 3094 dulcis
397 3028 608 3096 confabulatio
637 3051 695 3117 pro
722 3030 829 3116 patria
855 3029 946 3096 nobis
973 3036 1036 3113 est,
1066 3028 1237 3095 consolatio

67 3142 153 3210 nobis
178 3149 244 3227 est,
272 3145 503 3212 munimentum
524 3147 615 3213 nobis
638 3152 696 3213 est.
737 3144 845 3213 Scribe
867 3146 980 3231 igitur,
1011 3152 1047 3211 ut
1067 3146 1238 3232 preteritae

68 3260 250 3327 cessationis
273 3261 399 3327 veniam
421 3263 538 3348 capias,
565 3268 602 3328 ut
622 3263 691 3329 laus
713 3269 769 3329 tua
791 3283 953 3349 nunquam
975 3261 1100 3329 deficiat
1121 3262 1161 3329 ob
1184 3283 1238 3329 ore

67 3384 190 3461 norbo,
219 3382 255 3443 ut
276 3379 521 3465 respondeamus
543 3378 603 3446 tibi
626 3380 686 3446 etsi
708 3399 771 3446 non
794 3379 911 3446 diserte
932 3384 1040 3445 tamen
1060 3377 1236 3445 affectuose.

69 3488 219 3561 Provocat
240 3499 273 3560 te
295 3500 438 3561 nostrum
462 3496 652 3581 exemplum,
679 3497 790 3563 incitet
811 3496 957 3579 imitatio,
982 3494 1131 3561 accendat
1153 3494 1238 3561 solli-

69 3608 181 3676 citudo.
217 3610 326 3677 Tantis
350 3616 470 3678 ettam
494 3613 610 3679 amaris
634 3611 891 3700 occupationibus
914 3610 1074 3696 distracti,
1099 3612 1239 3679 animum
1339 3661 1345 3685 ι
1467 3693 1470 3703 ¹

70 3726 260 3811 colligimus,
282 3748 379 3794 manu
401 3729 531 3816 propria
554 3729 737 3812 scribimus3
762 3735 795 3796 et
816 3734 852 3794 tu
873 3728 996 3795 iuvenis
1020 3734 1051 3794 et
1073 3729 1238 3815 expeditus

71 3860 181 3910 cessas.
274 3842 329 3910 Set
351 3844 384 3910 in
407 3866 512 3932 opere,
535 3847 619 3933 quod
641 3847 701 3913 tibi
724 3845 924 3913 scribendum
946 3850 979 3912 et
1000 3846 1096 3911 etiam
1118 3844 1239 3911 dictan-

73 3957 141 4025 dum
164 3960 375 4045 iniunximus,
404 3960 549 4028 volumus
572 3968 604 4030 te
625 3964 782 4029 intentam
804 3963 879 4028 dare
903 3982 1047 4049 operam,
1071 3966 1107 4026 ut
1129 3960 1168 4028 do
1190 3962 1238 4027 in-

73 4077 157 4157 genio
180 4081 235 4142 tuo
258 4078 448 4164 perhennem
470 4078 608 4145 huctum
630 4080 802 4167 capiamus,
826 4080 908 4146 sicut
926 4080 961 4145 in
980 4099 1075 4165 opere
1088 4097 1239 4143 manuum

74 4208 131 4259 non
152 4193 355 4261 mediocriter
376 4194 557 4279 gaudemus.

139 4322 367 4395 1.110n.a,1a.
439 4328 463 4382 a.
483 4326 584 4396 rame,
600 4330 622 4382 1.
