3117 4859
380 291 529 339 vmaunr
549 291 737 340 memnones
757 291 810 339 aaa
829 291 883 339 aaa.
916 359 925 369 ι
1145 275 1212 343 563

42 430 126 517 apud
138 429 314 498 Romanum
337 432 519 499 aecclesiam
542 433 673 518 egimus,
696 433 817 521 pertrui
832 434 917 499 omni
932 450 1004 499 cum
1018 433 1213 518 benignitate
1230 439 1302 495 1153

41 552 71 612 et
95 545 234 614 efficacia
255 549 435 616 meruimus.
467 548 544 616 Inde
566 555 624 634 est,
649 550 733 635 quod
754 548 963 616 intolerabilis
981 549 1081 633 dolor,
1104 551 1158 635 qui
1174 551 1213 617 de
1248 527 1284 559 ‘¹'

40 663 176 729 transitu
198 665 361 731 reverendi
384 666 485 752 patris
506 667 618 750 noemi,
640 665 739 732 vestri
755 668 866 752 utique
879 665 1121 753 predecessoris,
1145 665 1213 731 ani·

40 799 126 845 mum
147 767 289 847 noemam
312 781 395 846 iusto
418 801 540 848 merore
562 783 773 866 sauciaverat,
801 801 865 849 nou
887 803 986 869 parvo
1009 782 1213 848 delinimento
1259 776 1264 783 ’

39 897 203 979 mitigatus
227 901 290 981 est,
313 916 386 963 cum
408 897 570 965 ordinator
591 904 770 986 temporum
792 898 879 965 Deus
901 905 1041 966 vestram
1064 899 1213 964 sanctita-

38 1015 105 1078 tem
132 1013 165 1079 in
193 1013 294 1099 ipsius
323 1013 472 1080 cathedra
501 1014 591 1080 beata
618 1016 814 1082 successione
840 1015 950 1082 sedere
971 1015 1062 1098 fecit,
1090 1019 1127 1080 ut
1148 1014 1215 1081 vita

38 1133 147 1195 vestra
171 1129 282 1196 inclita
309 1133 438 1196 cunctas
466 1129 626 1198 illustrare
653 1133 756 1218 possit
782 1131 949 1198 aecclesias
972 1135 1004 1198 et
1024 1131 1116 1197 nobis
1140 1150 1214 1197 con-

38 1249 148 1312 suetae
162 1246 395 1313 misericordiae
410 1246 579 1330 benignum
593 1247 740 1314 tribuatis
756 1247 910 1315 effectum.
933 1246 1117 1334 Repetimus
1130 1246 1214 1312 enim

38 1361 192 1428 avestra
219 1361 403 1430 celsitudine
432 1363 568 1450 quodam
596 1365 725 1450 pietatis
753 1365 823 1430 iure
849 1363 1039 1431 familiarem
1067 1363 1213 1448 gratiam,

38 1497 136 1564 qnam
165 1478 205 1546 ab
234 1479 483 1546 antecessoribus
505 1480 620 1548 vestris
648 1480 741 1565 longo
768 1487 912 1567 tempore
941 1481 1150 1568 optinuimus,
1178 1484 1216 1545 ut

37 1592 134 1660 liceat
155 1593 246 1661 uobis
269 1595 385 1681 absque
407 1597 654 1684 presumptionis
676 1603 753 1664 nota
769 1597 809 1664 de
824 1596 1033 1664 sollicitudine
1049 1597 1215 1664 aecclesia-

37 1731 122 1794 rum,
146 1710 184 1776 de
207 1714 292 1777 statu
313 1712 403 1796 regni
426 1713 532 1799 aliqua
552 1714 710 1780 intimare.
746 1713 836 1792 Quod
858 1717 934 1780 tnnc
956 1711 1148 1781 confidenter
1167 1714 1215 1779 ta·

37 1845 112 1893 cere
133 1826 331 1914 incipiemus,
354 1846 426 1895 cum
448 1849 506 1915 per
529 1829 757 1896 sacratissimos
781 1830 887 1915 apices
900 1837 1023 1896 vestros
1038 1831 1099 1897 hoc
1112 1831 1216 1896 faeere

38 1944 207 2010 ammoniti
227 1943 389 2011 fuemrnus.
450 1944 626 2014 Petioiones
646 1951 784 2031 noemae,
808 1966 885 2031 quas
901 1965 958 2032 pro
974 1946 1215 2014 necessitatibus

37 2059 157 2126 nostris
172 2065 296 2127 vestrae
319 2061 503 2129 clementiae
519 2064 721 2150 porrigimus,
745 2061 853 2130 subter
868 2082 1010 2130 annexae
1025 2067 1113 2145 sunt;
1138 2083 1216 2149 quas

36 2175 210 2243 efficaciter
237 2177 380 2244 exaudiri
406 2198 465 2266 pro
494 2184 621 2246 nostrae
648 2184 820 2266 perpetuae
848 2179 1011 2247 servitutis
1037 2183 1216 2264 augmento,

37 2292 256 2380 deprecamur.

37 2611 132 2684 426.
151 2615 311 2682 Wa'baldae
327 2614 548 2680 Bmedardam
556 2615 660 2701 presb.
677 2617 763 2682 eard.
779 2618 823 2682 at.
839 2615 875 2682 S.
893 2616 1062 2698 aarum,
1083 2615 1218 2681 Romam

153 2755 317 2815 reversam,
340 2743 439 2819 rapat,
467 2741 503 2796 at
518 2733 682 2818 petitiones
703 2755 776 2797 suae
799 2733 844 2798 ad
866 2733 1028 2800 Carteiam
1049 2743 1218 2819 spectantes

148 2871 257 2936 popae
280 2849 476 2914 aornmeadet.
1053 2845 1109 2928 (Μ.
1126 2845 1216 2928 394.)

131 2988 314 3056 Reverendo
336 2989 371 3056 in
393 2987 519 3056 Christo
540 2988 626 3077 patri
649 3007 705 3055 suo
728 2993 761 3055 et
783 2988 910 3054 domino
932 2987 1141 3072 Blemhurdo)
1164 2998 1307 3055 ve-1153

35 3106 176 3174 nerabili
204 3111 332 3174 sanctae
354 3105 514 3173 Romanae
544 3105 712 3174 aecclesiae
741 3104 895 3172 cardinali
923 3105 1098 3192 presbitero
1120 3105 1219 3172 frater
1255 3087 1290 3120 ⁰⁸

35 3222 233 3305 W(ibaldus)
248 3221 309 3289 Dei
331 3223 435 3305 gratia
456 3223 500 3307 id,
524 3223 607 3307 quod
622 3227 671 3290 est
685 3223 719 3288 in
734 3221 886 3290 aecclesia
901 3220 1063 3307 catholica,
1087 3223 1219 3306 exiguas

35 3341 201 3408 orationes
225 3343 257 3404 et
278 3338 425 3406 devotum
448 3339 621 3404 servitium.

132 3456 168 3522 Si
190 3473 261 3521 curn
283 3454 465 3538 integritate
488 3453 650 3541 sospitatis
672 3458 797 3521 vescae
820 3458 946 3520 etcum
968 3475 1076 3522 rerum
1097 3461 1219 3522 vestra-

34 3579 114 3642 rum
135 3572 261 3655 integra
283 3571 520 3638 conservatione
542 3569 583 3636 ad
605 3567 723 3637 Urbem
744 3571 911 3656 pervenire
931 3572 1092 3659 potuistis,
1119 3571 1219 3658 pluri·

33 3709 131 3757 mum
152 3688 187 3754 in
210 3686 345 3753 Domino
369 3687 557 3771 exultamus,
585 3686 733 3771 quoniam
755 3686 947 3753 desiderium
968 3692 1113 3753 nostrum
1134 3687 1220 3752 circa

33 3805 179 3874 salntem
206 3807 344 3870 vestram
372 3802 563 3889 completum
592 3807 648 3869 ert.
698 3800 857 3884 Rogamus
882 3803 992 3889 itaque
1019 3803 1220 3870 clementiam

32 3926 199 4004 vestram,
228 3939 308 4004 quae
329 3938 481 4002 magnum
502 3918 593 3986 nobis
615 3917 841 3984 familiaritatis
864 3923 897 3984 et
918 3919 1087 4005 patrocinii
1110 3927 1219 3984 usum·

33 4037 187 4106 conferre
215 4035 344 4120 dignata
372 4039 435 4101 est:
465 4039 502 4100 ut
527 4039 671 4101 nostram
698 4034 889 4119 parvitatem
918 4034 1033 4100 domno
1063 4053 1166 4121 papae
1188 4039 1220 4101 et

33 4153 167 4222 domnis
191 4151 402 4217 cardinalibus
426 4150 645 4216 commendare
668 4148 805 4232 benigna
818 4149 1031 4216 insinuatione
1046 4149 1220 4234 dignemini

34 4277 84 4355 et,
109 4273 145 4335 ut
159 4269 330 4354 peticiones
346 4271 473 4334 nostrae
488 4265 633 4334 effectum
649 4267 823 4353 optineant,
846 4263 969 4333 efficere
984 4285 1048 4332 non
1063 4267 1218 4352 abnuatis,

116 4427 137 4459 Β.
158 4423 238 4458 &limi
254 4427 274 4455 c.

944 4492 1005 4551 36¹!
