3117 4859
443 261 592 312 vrbem
612 259 777 312 mne
798 261 854 310 see
1166 243 1233 312 uel

66 406 103 470 et
116 400 260 470 leodonis
275 401 488 471 dissuetudine
502 401 646 473 snffiosre
660 403 702 470 ed
714 402 976 491 respondendnm,
997 401 1148 490 preeipne
1161 423 1234 470 eum
1252 407 1321 464 1157

65 519 253 606 temptantis
276 520 381 586 animo
403 521 656 607 interrogaveris,
678 539 742 588 non
764 529 937 607 possemus
1257 482 1313 542 ’μ’

159 633 215 703 Set
239 634 298 702 hoo
319 636 378 704 tibi
400 635 441 703 sd
461 657 592 724 presens
612 655 800 723 responsum
820 636 879 721 sit,
906 634 992 722 quod
1012 639 1045 702 et
1062 635 1235 702 motas

66 753 102 817 et
122 750 204 818 ratio
224 751 333 820 ¹‹loeuit
356 757 388 820 et
404 753 575 840 subquitus
592 751 726 838 longevs
740 752 927 821 observavit
956 750 1091 839 lloyses,
1113 749 1178 838 qui,
1200 751 1236 817 in

63 865 196 935 heremo
218 867 344 954 degens,
367 887 439 936 enm
460 870 583 954 fugeret
596 889 704 954 regem
717 869 868 957 Aegypti,
889 868 1013 953 virgum
1026 867 1147 952 bebuit,
1169 867 1236 934 dux

63 983 190 1069 primns
212 989 245 1052 et
265 985 392 1072 previus
414 985 639 1053 moneeborum
659 985 729 1053 fuit
762 985 817 1052 Ad
836 986 943 1072 ipsurn
962 983 1117 1051 Dominus
1137 983 1234 1050 dixit:

65 1097 157 1181 Quid
178 1112 260 1166 tener
282 1104 318 1168 in
338 1103 456 1170 musve?
482 1102 529 1169 As
541 1101 595 1168 ille
608 1101 786 1189 respondit:
808 1102 939 1190 wopam
946 1095 965 1166 ¹.
994 1100 1095 1179 Quem
1108 1100 1236 1168 iubente

62 1213 204 1282 Domino
226 1235 298 1284 oum
320 1218 355 1284 in
376 1223 495 1286 terrum
516 1217 715 1306 proiecisset,
737 1217 877 1286 mirabili
898 1223 931 1284 et
950 1218 1086 1305 mystice
1106 1235 1237 1283 eonver-

64 1331 157 1398 sione
179 1337 211 1399 et
232 1333 266 1400 in
289 1339 468 1422 serpentem
489 1341 521 1403 et
542 1336 577 1402 in
599 1355 633 1403 se
654 1335 759 1423 ipsam
780 1339 903 1402 munte
920 1338 978 1400 est
1008 1332 1117 1400 Aaron
1130 1332 1236 1420 ponti·

63 1444 162 1516 linum
188 1449 337 1538 prineeps
359 1452 482 1536 virgum
507 1451 633 1536 hebuit,
660 1471 741 1539 quse
762 1451 797 1518 in
818 1450 1033 1518 testimonium
1054 1447 1237 1517 mendatii

62 1563 136 1632 Deo
164 1565 332 1633 neerdotii
360 1569 410 1634 sui
437 1566 545 1636 floruit
570 1572 603 1635 et
629 1567 750 1636 fruetus
778 1567 886 1636 edidit
930 1567 982 1634 Ex
1009 1565 1123 1654 quibus
1147 1583 1237 1632 suere

64 1680 243 1768 seripturee
264 1683 502 1752 auetoritetibus
525 1684 676 1752 eeeelesie
697 1688 808 1751 senete
829 1684 943 1772 spiritu
957 1682 1018 1750 Dei
1031 1681 1237 1770 pleneretio·

62 1795 216 1865 nebiliter
236 1799 384 1885 instituit,
407 1805 444 1868 ut
457 1800 566 1868 Auron
584 1806 618 1868 et
630 1799 734 1889 Moysi
749 1819 955 1884 snwessores,
978 1798 1145 1886 dequibus
1159 1799 1237 1865 sori·

62 1917 158 2000 ptum
180 1919 243 1982 est:
266 1918 393 2005 Moyses
416 1931 445 1985 et
458 1918 572 1986 Aaron
592 1922 628 1985 ie
649 1919 860 1985 sacertotibus
876 1909 970 1998 eiee',
994 1916 1136 2003 episcopi
1149 1914 1238 1982 vide·

61 2028 141 2096 lieet
163 2035 195 2098 et
210 2031 338 2100 ebbetes
355 2033 590 2120 monadorum,
613 2034 753 2102 mistiese
767 2034 875 2119 virgus
896 2033 932 2099 in
952 2032 1095 2117 regimen
1108 2051 1238 2099 snomm
1279 2080 1282 2087 .

62 2166 197 2231 gregum
225 2149 403 2236 desiperent
430 2155 462 2218 et
489 2155 663 2236 gesturent,
694 2155 727 2218 et
755 2151 775 2218 l
801 2149 997 2237 temporibus
1023 2149 1237 2236 apostolorum

62 2283 166 2348 usque
193 2263 235 2331 ed
262 2263 339 2332 hese
366 2270 512 2354 tempore
544 2267 617 2355 plus
646 2287 741 2354 quem
770 2267 861 2333 unnis
887 2265 978 2348 mille
1006 2265 1173 2350 diligenter
1200 2283 1238 2332 se

63 2385 246 2449 reverenter
268 2381 455 2450 observavit.
500 2381 534 2450 Si
558 2403 642 2469 ergo,
665 2387 702 2449 ut
722 2387 759 2450 tu
780 2382 904 2467 scribis,
926 2380 1065 2449 eleriei
1086 2381 1238 2468 prinoi-

63 2497 214 2584 peliter
237 2497 378 2566 debent
398 2499 599 2587 episeopis
615 2499 791 2584 subesse,
813 2517 1006 2585 consequeus
1021 2503 1080 2582 est,
1101 2495 1238 2563 ntsolus

64 2612 252 2680 elericorum
279 2614 426 2703 princeps
454 2615 537 2683 inter
564 2616 710 2702 elerioos,
738 2620 890 2703 tunquam
917 2619 1027 2702 pestor
1055 2614 1138 2679 inter
1164 2632 1238 2680 oves

63 2730 230 2817 proprius,
256 2731 379 2815 virgam
407 2731 520 2800 debeat
546 2737 678 2818 gesture.
724 2731 807 2800 Num
834 2752 908 2799 oves
933 2731 1056 2798 minure
1077 2734 1238 2817 pastorem

65 2866 132 2913 non
154 2845 284 2932 debent,
309 2853 358 2915 set
378 2853 487 2936 pastor
510 2869 583 2918 oves
605 2849 699 2918 modo
721 2847 863 2937 preeedit
884 2846 978 2915 modo
999 2846 1158 2934 sequitur,
1180 2845 1238 2913 eli-

66 2962 193 3050 quendo
214 2962 305 3048 virge
329 2985 423 3051 quem
445 2985 542 3032 menn
562 2967 645 3050 gerit
670 2965 820 3050 retrahit,
850 2963 1018 3051 aliquunde
1040 2961 1180 3051 repellit,
1201 2966 1239 3029 ut

65 3097 177 3145 vooem
200 3079 266 3146 eius
288 3080 419 3148 audient
440 3086 473 3149 et
493 3101 558 3148 non
579 3086 750 3169 sequuntur
772 3080 919 3148 slienurn
981 3079 1148 3148 Geeterurn
1161 3080 1239 3146 hese

66 3199 126 3261 tue
151 3196 292 3282 quaestio
322 3197 388 3264 sive
416 3199 630 3283 quaestiones,
657 3198 691 3264 in
716 3197 847 3264 modum
868 3195 967 3283 ydrue
987 3197 1022 3265 in
1043 3217 1103 3264 sus
1122 3197 1239 3264 dumne

65 3309 187 3379 fertiles
216 3317 248 3380 et
269 3332 332 3379 uno
354 3313 458 3401 oepite
481 3318 642 3401 amputato
663 3315 698 3380 in
720 3313 821 3381 multe
841 3317 1067 3398 reereseentes,
1096 3313 1238 3399 duobis,

67 3433 106 3495 ut
126 3427 245 3495 dietum
268 3433 325 3515 est,
348 3429 408 3497 boe
428 3435 570 3516 tempore
585 3435 771 3517 peronneto
785 3429 1014 3497 oeonrrentium
1029 3428 1237 3497 obieetionum

67 3543 169 3612 latere
189 3545 349 3632 pervideri
372 3549 404 3613 et
424 3546 613 3634 pertruuteri
634 3565 698 3613 non
714 3551 862 3634 possunt;
886 3549 935 3613 set
948 3565 989 3613 ne
1003 3545 1134 3613 verbum
1148 3550 1238 3613 tuum

68 3660 111 3728 ed
131 3665 164 3728 te
180 3679 314 3728 vueuum
334 3665 554 3746 reverteretur,
577 3661 656 3729 haee
675 3661 735 3729 tibi
756 3681 859 3750 peres
880 3662 920 3730 de
941 3660 1085 3749 pluribus
1106 3661 1238 3729 innuere

67 3777 257 3845 curavimus.
346 3777 415 3846 Heu
442 3777 539 3845 etiem
566 3777 703 3847 breviter
725 3779 923 3846 edieiendum
946 3784 1009 3865 est,
1038 3778 1121 3865 quod
1144 3778 1239 3846 erube

65 3891 146 3978 Noe,
169 3913 249 3979 quse
270 3893 305 3960 in
327 3892 444 3962 diluvio
466 3893 575 3961 divine
596 3895 791 3980 gubernante
812 3894 1012 3983 providentie
1030 3898 1101 3962 oete
1115 3895 1237 3962 unimus

65 4007 217 4096 salvavit,
246 4009 377 4097 operte
398 4009 547 4080 inferiori.
561 4010 642 4096 lete,
671 4011 816 4099 superius
836 4012 873 4078 in
893 4010 999 4078 eubito
1021 4015 1239 4078 eonsummete

66 4130 132 4209 est3
155 4124 214 4193 hoe
235 4124 431 4211 signideents
447 4124 568 4213 Spiritu
591 4131 709 4213 saneto,
733 4126 827 4214 quod,
850 4127 905 4212 qni
925 4125 1025 4192 istem
1038 4126 1134 4212 vium,
1157 4145 1238 4214 ques

66 4241 109 4310 ed
133 4245 268 4310 mortem
290 4241 390 4328 dude,
418 4241 568 4310 deserunt
590 4247 622 4311 et
642 4263 701 4331 per
723 4247 890 4328 unguem
912 4245 1007 4328 etqm
1027 4245 1131 4309 mern
1152 4242 1238 4310 viem

139 4374 164 4430 1.
182 4372 271 4430 uxos
282 4373 309 4444 4,
321 4374 347 4429 s.
419 4375 445 4430 e.
463 4373 508 4431 rs.
521 4375 564 4446 se,
577 4376 602 4432 e.
