3117 4859
426 294 575 343 wmsnnr
595 292 784 343 murmanus
804 293 913 343 as-ea.
1190 278 1254 347 169

74 436 223 524 kuinnm
239 438 330 526 pacis
348 438 537 505 constitutae
551 438 586 504 in
601 456 692 505 saera
706 438 854 525 passione
868 433 1043 505 dominica¹
1056 436 1252 525 violatmem,
1271 443 1341 501 1148

76 560 192 623 emota
213 556 383 623 restituere
405 559 438 622 et
459 554 642 623 satisfacere
663 559 863 622 commoueat
883 553 935 621 vel
957 553 1016 622 sub
1030 574 1115 643 peua
1127 576 1254 624 excom·

75 672 303 743 nminationio
325 670 502 760 compellat.

79 884 336 957 tollenstein
356 888 572 955 Rornanorum
596 908 653 951 rec
674 884 819 973 Eumenia
841 886 895 953 ΙΠ
914 888 1035 974 metim
1056 889 1123 974 oya't
1143 888 1182 954 de
1203 888 1254 955 Βι-

167 1004 243 1071 ten's
267 1004 311 1069 od
326 1004 487 1103 principes
508 1004 615 1069 oasa.
649 1001 828 1069 Ede-aiaton
850 1004 1046 1091 capellam
1068 1016 1203 1071 eamd.

168 1136 385 1204 Dilectissimo
411 1136 446 1203 iu
469 1134 594 1203 Christo
617 1136 702 1223 patri
724 1156 780 1203 eno
801 1136 945 1222 Eugenio
968 1156 1091 1205 summo
1112 1134 1254 1223 pontifici
1271 1139 1342 1197 1148

78 1252 249 1321 Heinrious
277 1253 338 1321 Dei
371 1253 475 1338 gratia
502 1251 716 1319 Romanorum
744 1272 802 1319 rex
830 1251 960 1321 ididem
988 1274 1046 1341 per
1072 1254 1180 1321 omnia
1205 1253 1254 1321 di·

76 1369 249 1439 lectionem
271 1374 305 1437 et
325 1368 465 1437 debitam
487 1369 521 1437 in
543 1368 680 1437 Domino
702 1370 921 1437 reverentiam

169 1484 341 1554 Smctitati
367 1491 492 1554 vestrae
525 1484 678 1574 plurimas
709 1486 884 1571 mattarum
910 1486 1051 1555 acdones
1078 1486 1254 1573 referimus,

78 1604 164 1691 quod
186 1608 331 1671 nostram
353 1608 470 1671 etatem
491 1608 623 1690 paterno
645 1602 758 1671 ellectu
772 1603 904 1671 visitare
918 1608 951 1671 at
964 1602 1121 1671 consolari
1133 1604 1256 1689 dignati

79 1720 157 1789 estis
182 1740 222 1787 aa
242 1720 437 1808 principibus
459 1721 550 1804 regni
571 1719 661 1786 nobis
677 1719 697 1786 t
710 1720 777 1787 Deo
793 1719 900 1787 collati
913 1719 1050 1789 sollicita
1063 1720 1256 1805 benignitate

78 1831 249 1921 saribere²‚
277 1836 425 1922 quatinus
452 1836 543 1903 nobis
569 1834 665 1903 tidem
692 1840 724 1902 et
751 1835 951 1905 dlecaomm
976 1836 1145 1905 exhibeant
1167 1842 1200 1905 et
1220 1838 1255 1905 iu

79 1953 368 2021 amministratione
390 1954 480 2038 regni
501 1951 592 2020 nobis
615 1952 780 2021 consilium
803 1958 836 2021 et
857 1959 1048 2041 oportunum
1064 1954 1255 2022 adiutorium

77 2071 195 2139 furunt.
242 2069 292 2138 Ob
320 2090 414 2156 quam
441 2090 509 2137 rem
531 2073 655 2137 vestrae
680 2088 835 2156 personae
862 2076 896 2138 et
920 2075 1139 2139 mancias
1160 2071 1257 2139 matri

78 2192 210 2255 nouae
231 2180 392 2255 Romanae
414 2186 563 2255 ecclesiae
589 2186 704 2254 intima
731 2187 864 2254 commta
890 2187 997 2256 devoti
1026 2193 1059 2255 et
1085 2188 1127 2255 ad
1149 2188 1256 2255 defen·

79 2305 205 2372 donem
227 2302 399 2372 catholicae
422 2302 570 2371 ecelesiae
592 2323 650 2391 pro
672 2303 794 2371 viribus
814 2304 934 2391 parati,
961 2303 1180 2372 excellentiam
1201 2325 1256 2372 ve·

80 2426 183 2489 mam
211 2418 302 2487 filiali
331 2420 512 2489 sinceritate
540 2419 727 2504 salutamus,
757 2420 919 2505 obtantes,
947 2425 985 2488 ut
1011 2420 1101 2489 vobis
1127 2426 1194 2488 tam
1220 2421 1255 2487 in

80 2538 190 2605 anima
213 2557 308 2624 quam
330 2538 365 2604 iu
386 2556 516 2626 corpore
532 2536 639 2604 omnia
652 2556 807 2625 prospera
820 2537 990 2605 succedant
1004 2541 1037 2605 et
1049 2542 1086 2603 ut
1099 2536 1255 2604 Dominus

79 2658 227 2723 mutarat
255 2654 420 2723 sathanam
446 2655 504 2722 sub
525 2654 659 2741 pedibus
679 2653 805 2721 vestris.
892 2652 1054 2721 Ebrninos
1075 2654 1256 2741 capellanus

78 2772 184 2861 patuis
213 2772 316 2839 nostri
344 2776 376 2838 et
403 2775 511 2839 noster
539 2770 623 2858 apud
650 2768 869 2837 celsitudinem
890 2775 1030 2837 vestrm
1054 2770 1280 2839 insimulatus-

81 2894 141 2974 ως
166 2888 259 2975 quasi
281 2892 406 2955 vostrae
428 2888 590 2955 sanctitati
612 2887 707 2955 verbo
729 2886 897 2953 tammarm
913 2891 969 2954 aut
981 2886 1188 2975 petulantiori
1201 2887 1256 2956 do-

80 3005 229 3074 truerit
268 3004 358 3084 Quod
379 3006 440 3073 etsi
461 3006 496 3072 in
518 3005 651 3073 veritate
673 3008 843 3087 constaret,
865 3004 1127 3071 contemnendum
1149 3011 1256 3073 tamm

80 3129 113 3191 ot
134 3142 270 3210 prorsus
285 3120 483 3189 abiciendum
498 3122 518 3189 t
532 3126 639 3190 vestra
653 3120 842 3188 discretione
856 3125 949 3187 esset
983 3119 1083 3205 igitur
1097 3124 1256 3208 quoniam,

79 3244 217 3325 urgente
240 3238 369 3304 alterius
391 3235 570 3323 maledicto,
594 3237 743 3324 quiddam
764 3235 888 3304 locutus
911 3242 969 3321 est,
993 3238 1076 3324 quod
1098 3239 1257 3307 detractor

80 3376 158 3423 suus
182 3354 340 3423 delatione
361 3353 563 3442 depravavit,
590 3354 692 3421 nostri
713 3373 834 3421 memor
855 3353 980 3421 bonitas
1002 3361 1108 3422 vestra
1127 3357 1256 3444 inponi·

80 3478 152 3541 tum
174 3492 249 3540 eum
271 3477 304 3540 et
325 3470 503 3540 absolutum
524 3446 775 3559 in‘plenitudine
797 3471 918 3554 gratiae
940 3471 1087 3540 dimittet

83 3687 147 3759 96.
170 3687 332 3755 witoldus
352 3686 512 3771 Hodeoide',
535 3690 637 3754 sorori
654 3689 790 3755 rimoldi
811 3687 999 3771 conum,
1021 3712 1055 3755 ao
1076 3689 1115 3755 do
1136 3689 1254 3757 litteo

172 3828 246 3869 non
268 3806 433 3871 amotione
456 3816 588 3871 ecmaot
622 3806 674 3872 De
696 3807 759 3871 sois
780 3805 910 3891 negotiis
932 3805 1028 3870 odda't
1113 3802 1169 3885 (ll
1187 3804 1253 3887 79.)

173 3934 287 4005 Frater
302 3936 491 4021 W(ibaldus)
506 3936 567 4005 Dei
585 3938 688 4023 gratia
709 3938 753 4022 id
776 3936 862 4023 quod
883 3942 932 4005 est
952 3937 987 4003 iu
1008 3936 1163 4005 catholica
1184 3957 1254 4005 aec·
1270 3954 1341 4011 1148

83 4055 191 4141 alesia,
215 4052 347 4121 dilectae
369 4054 470 4122 sorori
493 4074 569 4122 suae
586 4053 731 4122 Hadvvidi
753 4054 1003 4123 benedictionem
1025 4060 1058 4121 et
1079 4054 1179 4122 vitam
1199 4075 1254 4122 us-

84 4192 144 4259 quo
164 4172 202 4239 in
224 4169 373 4238 seculum

172 4287 385 4377 Reprehendit
405 4307 464 4356 nos
486 4287 630 4355 iomassis
654 4292 687 4357 at
708 4287 814 4373 arguit
836 4286 961 4355 dilectio
977 4291 1044 4372 tua,
1065 4286 1160 4373 quod,
1181 4292 1253 4356 tan·

156 4420 184 4477 1.
204 4420 273 4477 tuta
290 4418 368 4478 itaut
380 4418 425 4477 28.
495 4420 523 4476 a.
541 4417 585 4477 ot.
602 4434 665 4491 epp.
678 4420 715 4477 80
730 4424 761 4477 et
776 4420 811 4476 81
831 4434 916 4490 supra
931 4433 960 4490 p.
972 4417 1066 4476 latet
1077 4418 1139 4477 soa
