3117 4859
261 248 268 259 '
327 248 392 321 228
660 266 809 321 wmntm
830 266 1017 321 1001000010
1039 270 1091 319 us.
1109 269 1161 319 ur.

211 419 280 475 1147

187 506 206 539 o.
215 492 270 539 Due.
278 494 306 538 sl

234 3297 303 3351 1148

325 418 436 481 ventus
470 417 577 483 nostor
611 434 650 482 ex
683 414 828 482 instituto
862 414 903 481 sd
935 414 1125 501 colloquium
1153 413 1321 482 conuenire
1348 411 1483 481 debebat.

325 530 414 597 Hune
441 550 514 615 ergo
542 531 820 619 inpossibilitatem
847 550 919 598 oum
946 532 1126 620 prepositus
1153 535 1261 598 noster
1285 528 1389 615 lognto
1416 529 1487 596 insi-

324 652 463 731 nuasset,
486 646 639 734 colloquio
662 670 761 735 usqne
784 649 1014 715 incrastinum
1030 647 1139 731 dilato,
1163 648 1388 735 cumprimum
1402 666 1488 713 mune

324 763 495 849 illuxisset,
524 764 601 831 item
629 764 727 831 nooito
756 765 917 852 preposito
945 765 1048 832 denuo
1075 765 1232 851 prooepit,
1260 769 1296 830 nt
1319 762 1489 851 enpitulnm

323 878 428 964 lieret,
457 881 491 946 in
521 900 583 967 quo
611 900 683 948 oum
711 881 863 949 iratribus
890 882 1022 949 verbum
1043 881 1170 948 inseret
1208 882 1285 948 Nor
1313 894 1358 947 est
1391 880 1491 964 inquit

323 996 502 1083 prepositus
538 1001 640 1063 nomi
668 1000 805 1080 ordine,
841 1012 907 1065 tum
933 1001 1088 1066 00000100
1116 998 1195 1064 tora
1220 998 1396 1084 eops'tulnm
1422 1018 1490 1063 cos·

322 1117 436 1181 uenire.
472 1112 528 1181 Set
553 1132 625 1180 oum
646 1112 700 1180 ille
722 1114 869 1182 recedere
889 1114 1055 1182 festinaret
1074 1132 1134 1180 nee
1155 1112 1265 1179 horum
1286 1112 1422 1199 oepituli
1442 1132 1493 1179 ex-

322 1234 449 1317 pectare
472 1234 593 1317 posset,
620 1230 749 1297 tnndem
770 1230 982 1298 inconvento
1005 1235 1077 1297 unte
1105 1229 1217 1297 horum
1244 1230 1378 1296 teroinm
1405 1228 1493 1295 nobie

324 1366 362 1413 en
389 1347 612 1413 consuetudine
634 1346 762 1413 10011001
785 1348 968 1415 vuountibns
996 1347 1150 1414 01100100
1177 1351 1228 1413 est
1253 1346 1340 1413 idem
1369 1350 1493 1433 sposto-

321 1460 401 1529 1000
429 1462 512 1529 sedis
541 1463 680 1547 legntus3
712 1468 744 1531 et
772 1464 884 1531 sedens
906 1464 990 1531 inter
1011 1484 1085 1549 nos,
1114 1463 1199 1530 inter
1220 1462 1284 1529 ulis
1305 1482 1390 1548 quse
1411 1480 1493 1528 eom·

321 1579 444 1645 monuit
472 1579 639 1664 diligenter
666 1580 845 1666 inquisivit,
874 1600 930 1647 our
957 1580 1128 1667 dissipatus
1151 1586 1234 1647 00001
1253 1579 1425 1646 thesaurus
1445 1598 1492 1645 00-

322 1693 435 1763 elesise
465 1701 600 1763 nostrae.
641 1694 700 1763 Oui
729 1716 787 1784 per
812 1696 951 1783 priorem
979 1702 1012 1763 et
1038 1697 1233 1784 prepositum
1261 1701 1410 1763 nostrum
1438 1695 1493 1761 100

323 1811 431 1878 urdine
459 1812 695 1899 respondimus:
730 1816 869 1900 Propter
896 1836 1087 1880 emonensem
1113 1817 1320 1880 neceeedntem
1350 1814 1494 1879 00σὶ00100

323 1931 484 2015 quandum
500 1942 627 2017 partem
649 1931 866 1997 thesaurorum
887 1933 922 1995 irs
944 1932 1092 1997 aeoelen'u
1116 1953 1154 1997 00
1173 1932 1329 1997 conmuni
1342 1952 1493 1995 00000000

323 2047 456 2132 capituli
476 2049 578 2112 nostri
599 2046 736 2128 tulimus,
762 2061 791 2113 et
812 2048 967 2133 quosdam
982 2051 1196 2133 possessiones
1210 2026 1356 2113 eeclesiue
1369 2059 1494 2113 nomae

322 2162 413 2227 valde
439 2163 529 2228 utiles
553 2184 591 2228 ere
614 2167 657 2229 eis
679 2166 940 2251 conquisivimue3
966 2162 1090 2249 reliqua
1113 2167 1220 2229 onmia
1240 2167 1365 2250 intepra
1388 2166 1426 2229 irs
1447 2184 1491 2228 ec·

322 2278 417 2343 etesia
446 2292 627 2345 coreeervato
654 2293 736 2347 sunt.
771 2280 939 2359 1300000,
968 2301 1050 2365 quae
1071 2302 1156 2345 nune
1170 2292 1306 2367 propter
1325 2283 1493 2345 instantem

322 2398 530 2461 necessitatem
552 2400 738 2483 occepimus,
765 2418 917 2485 reparare
938 2408 967 2461 et
987 2399 1146 2462 restituere
1167 2400 1353 2483 quantocius
1371 2399 1491 2485 poteri·

321 2532 391 2576 mue
410 2512 481 2577 Deo
502 2526 656 2579 00000010
672 2516 907 2600 proposuimus.
943 2510 1001 2577 llis
1022 2512 1138 2578 auditis
1153 2512 1310 2598 nequierit
1323 2532 1385 2580 neo
1400 2530 1493 2598 snper

321 2624 380 2693 hoo
402 2627 497 2694 verbo
520 2628 687 2714 quiequam
709 2628 844 2715 emplius
866 2628 1081 2713 interrogauit
1115 2628 1235 2697 Valete

327 2916 584 2987 147.ΙοΙ100000
611 2924 750 2987 suniarius
772 2923 812 2987 R.
826 2924 967 3010 principi
994 2934 1023 2987 et
1044 2922 1183 2989 Ricardo
1212 2925 1315 2988 comiti
1336 2925 1492 3015 sipreifient

434 3038 472 3101 de
494 3037 641 3125 Welsonis
670 3061 738 3103 curn
760 3038 897 3125 Reperio
923 3062 994 3125 repe
1018 3038 1146 3105 Siciliae
1160 3039 1293 3126 foedere
1318 3039 1419 3127 deque
1441 3062 1491 3104 eu·

432 3154 500 3217 riae
522 3154 684 3217 Rursusne
707 3155 848 3218 00001ἰί10.
1329 3152 1386 3235 (Μ.
1404 3154 1490 3233 239.)

410 3283 592 3351 Karissimls
611 3285 746 3353 dominis
762 3287 827 3353 suis
841 3284 878 3351 n
891 3286 1030 3373 prinoipi
1044 3292 1076 3353 et
1090 3287 1197 3354 oomiti
1211 3286 1365 3354 Ricardo·
1380 3288 1489 3355 Iohan-

321 3418 377 3465 nes
400 3400 551 3485 nutarius,
575 3420 683 3467 eorum
705 3400 916 3486 fidelissimus,
939 3402 1074 3470 sulutem
1096 3410 1129 3471 et
1150 3404 1311 3471 seruitutis
1330 3404 1488 3492 obsequis.

409 3514 470 3582 Per
497 3517 603 3583 omnis
629 3517 718 3584 uobis
748 3516 849 3584 fidelis
873 3518 1026 3604 existens,
1057 3520 1224 3606 quaestio
1252 3520 1342 3587 vobis
1365 3520 1488 3588 notifico

321 3636 354 3698 01
374 3630 408 3697 10
432 3632 543 3717 quibus
564 3653 694 3720 possum
716 3635 881 3701 servitium
902 3635 1009 3703 reddo.
1045 3635 1159 3704 Sciatis
1182 3638 1304 3723 itoqne,
1332 3634 1486 3721 Gnellnm,

320 3748 428 3815 domni
456 3748 538 3833 regis
561 3748 720 3817 Connrsdi
747 3730 956 3837 proditorem,
984 3772 1056 3819 enm
1079 3752 1183 3820 Sinnio
1212 3754 1400 3821 concordem
1423 3772 1488 3821 0000

320 3884 528 3951 magnumque
550 3866 717 3953 peonninm
743 3868 783 3933 ab
812 3888 848 3933 00
882 3869 1049 3955 accepisse.
1083 3869 1126 3935 Et
1152 3869 1235 3937 olam
1258 3871 1354 3938 duetn
1384 3869 1486 3937 (lensii

320 3978 495 4069 Fraiupsne
524 3988 556 4047 et
584 3980 746 4067 Getagueli
775 3982 907 4051 Romam
936 3986 1064 4051 transiit
1072 3981 1088 4051 ¹.
1123 3985 1276 4055 Homines
1303 3994 1412 4056 tamen
1439 3985 1485 4053 sni

320 4114 391 4161 uum
414 4102 547 4182 quatuor
571 4096 752 4165 Samsoenis
775 4103 807 4165 01
828 4101 960 4167 totidem
983 4101 1151 4169 dextrariis
1173 4102 1271 4171 Rome
1294 4106 1314 4172 i
1336 4103 1484 4173 senatori·

319 4211 377 4278 bus
406 4215 491 4301 eapti
514 4218 546 4280 01
568 4214 690 4282 dimissi
712 4216 809 4282 fuere.
848 4216 909 4295 Qui
930 4216 1052 4285 litteras
1076 4240 1116 4286 en
1139 4227 1229 4307 purte
1252 4220 1352 4290 Siculi
1373 4220 1482 4290 Frede-

391 4366 411 4399 0.
432 4352 502 4401 lilio

391 4442 414 4495 1.
439 4446 556 4499 exeunte
573 4458 645 4499 anno
666 4443 743 4499 1118.
766 4442 800 4501 V.
819 4444 919 4502 librum
935 4445 971 4504 de
989 4446 1115 4505 conredo
1133 4446 1174 4504 lll
1191 4463 1258 4522 rege
1275 4466 1366 4508 meum
1384 4467 1412 4523 p.
1424 4448 1478 4505 lod
