3117 4859
311 232 373 300 162
659 250 808 297 wmnnnr
828 248 1015 298 sumnonem
1035 246 1073 295 aa.
1088 247 1127 296 os.

220 398 290 455 1148
307 392 382 477 erit,
411 390 470 458 hoo
491 390 549 459 sub
570 396 658 459 tento
681 390 879 459 diseretionis
901 390 1115 459 moderamine
1136 388 1273 474 famati,
1299 394 1337 457 nt
1358 393 1391 456 st
1411 384 1472 457 ele-

227 474 282 534 m
307 509 444 575 mentiee
473 513 596 577 vestrae
624 508 762 576 studium
791 508 876 575 eirea
900 511 1021 575 vestms
1043 506 1170 573 laudem
1191 512 1350 573 mereatur
1371 511 1405 573 et
1424 505 1473 571 in-

305 624 483 711 portunitas
506 623 658 692 offensam
680 630 744 691 non
766 625 917 691 incurrat.
952 624 1112 691 Timemns
1133 642 1279 708 namque,
1302 642 1344 689 ne
1364 622 1399 687 in
1412 621 1474 689 so

305 761 433 808 manem
455 740 619 808 ecelesiam
643 740 821 827 aliquorum
842 740 1043 825 suggestione
1064 738 1253 827 inpinmtis3
1283 759 1363 825 quae
1385 737 1474 806 vobis

306 877 375 926 esse
406 862 513 945 potest
539 856 622 944 lapis
651 855 832 924 offensionis
859 862 892 924 et
920 862 1012 943 petra
1038 853 1188 923 seandali
1276 853 1319 921 Et
1346 854 1407 921 hoe
1435 854 1476 921 ad

305 979 444 1041 vestram
473 973 730 1041 ammonitionem
760 973 941 1060 putavimus
969 992 1038 1039 esse
1064 970 1276 1055 adloiendum,
1302 991 1347 1039 ne
1368 970 1422 1039 nel
1441 970 1476 1037 in

306 1088 455 1157 Suevism
476 1089 527 1158 νο]
548 1090 583 1158 in
605 1088 776 1158 Saxoniam
799 1088 850 1157 vel
872 1089 907 1155 in
920 1086 1159 1172 Lothaningiam
1182 1088 1313 1171 exeatis,
1335 1087 1400 1153 nisi
1421 1106 1478 1155 vo·

305 1212 393 1275 oatus
418 1207 437 1273 t
458 1206 654 1294 principibus
683 1206 722 1273 ob
750 1205 889 1291 aliquam
910 1226 980 1273 rem
1001 1206 1185 1293 preoipuam
1208 1208 1241 1271 et
1261 1208 1386 1287 notam,
1415 1203 1478 1270 snb

304 1323 393 1391 brevi
407 1328 549 1410 tempore
563 1321 804 1389 terminandam.
828 1322 1025 1411 Expeotatur
1039 1321 1123 1388 enim
1138 1320 1240 1387 adhue
1254 1326 1344 1406 pater
1358 1325 1477 1403 vester,

304 1440 395 1523 regni
423 1439 568 1506 dominus
598 1444 630 1506 et
656 1458 788 1526 parens,
818 1459 855 1505 ao
881 1440 919 1505 de
941 1438 1028 1506 faoili
1049 1438 1184 1524 possetis
1207 1437 1241 1503 in
1264 1435 1404 1521 aliquam
1424 1456 1478 1503 re·

304 1556 544 1643 prehensionem
566 1554 720 1639 inoidere,
743 1555 912 1642 presertim
935 1554 1063 1638 abhis,
1086 1554 1140 1640 qui
1161 1552 1268 1621 debita
1287 1572 1386 1637 regno
1409 1572 1479 1621 ser·

303 1672 382 1739 vitia
405 1672 498 1739 inviti
521 1676 553 1738 et
575 1672 666 1756 qnasi
688 1672 788 1738 ooaoti
807 1676 951 1758 prestare
966 1674 1205 1739 consueverunt
1239 1668 1283 1737 Et
1297 1668 1411 1736 melius
1426 1674 1480 1735 eat

302 1806 417 1855 nomon
439 1788 557 1857 bonum
580 1808 676 1874 quam
698 1786 831 1855 divitiae
849 1788 968 1855 multae
977 1782 994 1853 ¹.

304 2031 366 2105 89.
390 2038 546 2104 Ws'boldus
561 2037 705 2125 Reperio
720 2038 777 2105 ΙΙΙ
786 2060 896 2125 papae
918 2039 958 2102 de
977 2038 1137 2125 asperiore
1158 2060 1216 2102 seeo
1236 2036 1280 2101 od
1291 2034 1479 2102 Helos-ianm

392 2176 496 2241 repom
523 2155 652 2241 epistola
673 2155 837 2247 sipoe'ficot.
876 2154 928 2219 De
949 2156 1088 2219 restituto
1111 2156 1176 2218 eirea
1196 2154 1328 2217 adestote
1348 2153 1477 2239 pandet.

1312 2265 1368 2349 (Μ.
1386 2268 1478 2348 112.)

214 2393 284 2450 1148
391 2382 656 2451 Reverentissimo
684 2384 770 2472 patri
798 2404 855 2450 sno
879 2389 911 2450 et
932 2383 1059 2450 domino
1081 2382 1248 2467 E(ugenio)
1270 2382 1324 2448 uni
1349 2387 1381 2449 et
1403 2383 1477 2448 nni·

221 2470 276 2528 ‘³¹³¹‘
301 2499 416 2567 versnli
444 2499 586 2587 pontifici
614 2501 714 2568 irater
730 2499 920 2583 W(ibaldus)
943 2500 1004 2566 Dei
1026 2500 1131 2584 gratia
1152 2505 1186 2567 et
1206 2504 1313 2566 vestra
1332 2497 1367 2566 id
1389 2500 1477 2585 (1⁰⁰4

302 2622 351 2684 est
371 2618 406 2683 in
429 2616 580 2683 aeoolesia
603 2616 771 2702 natholiae,
801 2617 1002 2684 dilectionem
1024 2622 1060 2683 ut
1080 2617 1181 2703 patri,
1209 2614 1420 2683 obedientium
1442 2621 1478 2681 et

301 2732 466 2800 servitium
488 2738 524 2799 ut
547 2734 684 2799 domino.

389 2848 461 2915 Non
489 2870 597 2916 sumus
623 2852 814 2917 inmemores
841 2848 1054 2915 multitudinis
1080 2847 1316 2915 miserirordiae
1336 2854 1474 2933 restrae,

301 2975 412 3051 quam·
439 2971 565 3032 nostrae
593 2966 744 3052 parvitati
772 2966 806 3031 in
835 2966 946 3032 sinodo
974 2964 1122 3032 Remensi
1149 2964 1296 3031 exhibere
1324 2964 1474 3049 dignatus

301 3082 394 3164 estis,
419 3085 450 3147 et
472 3082 621 3168 preoipue
643 3082 677 3147 in
701 3102 796 3150 eausa
817 3080 1031 3166 Fuldensium‚
1056 3100 1151 3167 quam
1173 3099 1230 3167 pro
1251 3082 1394 3148 maxima
1415 3082 1473 3149 hn-

300 3196 449 3280 militate,
479 3217 541 3283 qna
569 3218 693 3265 ssorum
720 3203 830 3285 peotns
852 3203 993 3265 vestrum
1015 3195 1083 3263 Deo
1111 3196 1288 3284 inspirante
1312 3198 1474 3285 preditum

301 3317 364 3396 est,
388 3312 518 3379 oonsilio
540 3314 705 3381 nobiseum
728 3316 959 3381 eommunioare
981 3313 1109 3401 placuit
1150 3312 1194 3379 Et
1214 3312 1292 3380 nosl
1315 3316 1473 3400 equidem,

301 3430 383 3496 sieut
406 3448 477 3495 oum
498 3433 603 3497 vestra
625 3429 811 3499 celsitudine
834 3430 1042 3514 oondiximus,
1065 3428 1193 3496 sollioiti
1206 3430 1334 3515 fuimus,
1356 3452 1400 3499 ne
1415 3432 1472 3499 ali·

301 3545 371 3630 qnis
399 3550 530 3631 propter
552 3552 690 3613 vestram
718 3548 891 3616 iussionem
918 3553 1023 3614 motus
1044 3545 1152 3633 fieret,
1180 3546 1398 3633 usqueadeo,
1428 3554 1473 3632 ντί,

205 3684 282 3743 spes
301 3680 372 3729 oum
402 3663 440 3729 de
467 3661 613 3729 faoienda
640 3662 791 3731 eleotione
813 3663 963 3731 Fuldensi
984 3669 1168 3751 preceptum
1190 3668 1332 3730 vestmn
1354 3666 1377 3731 6
1400 3664 1474 3732 Idus

229 3844 231 3852 ,
300 3776 421 3864 Aprilis
443 3777 550 3845 Remis
574 3778 682 3845 datum
705 3780 757 3865 sit,
782 3780 927 3847 dominus
948 3786 1056 3848 noster
1077 3782 1182 3849 iunior
1202 3802 1260 3848 rex
1282 3780 1426 3848 litterna‘
1440 3783 1473 3849 in

189 3905 244 3965 Am.
253 3904 282 3953 15
300 3900 403 3961 oastro
418 3894 643 3979 Nuremberoh‚
667 3897 750 3981 quod
768 3898 865 3963 estin
882 3896 1036 3983 Bawaria,
1063 3900 1102 3964 17
1119 3896 1189 3964 llal.
1205 3896 1283 3965 Maii
1304 3900 1472 3985 aooeperit.

299 4010 336 4077 ln
358 4010 471 4097 quibus
495 4030 590 4097 qnam
612 4011 745 4080 sollicite
768 4034 864 4099 quam
885 4014 1041 4081 instanter
1061 4034 1135 4081 eum
1155 4015 1422 4101 premuuierimua
1436 4036 1474 4085 ae

299 4127 587 4213 premonuerimus,
621 4128 656 4195 in
683 4130 827 4217 exemplo
855 4125 1353 4217 1111οτοτντωόἰδὶτιτίοοοῐντττν,
1388 4132 1472 4219 qnod

371 4283 390 4317 a.
412 4282 457 4330 que
472 4288 491 4315 c.
553 4269 575 4317 b.
597 4284 640 4317 nos
656 4288 677 4317 c.
738 4274 872 4319 orostrae
886 4272 999 4320 acidiae
1013 4274 1108 4321 niden.
1204 4309 1208 4319 .

371 4356 396 4411 1.
414 4354 543 4413 Proverb.
558 4356 601 4425 22,
615 4358 640 4412 l.
712 4358 738 4413 2.
757 4372 802 4428 ep.
814 4358 850 4414 88
867 4374 951 4429 supra
968 4374 996 4429 p.
1010 4360 1070 4415 161.
