3117 4859
439 282 589 331 manui
610 280 850 335 antemnam
1169 266 1233 335 tta

71 420 297 493 nerttieamini
318 427 386 491 tate
407 424 459 493 die
480 424 520 491 de
542 424 689 512 opinione
711 424 809 493 irnruo
831 424 871 491 de
885 424 1116 493 muneratime
1130 426 1231 493 hemi·
1251 424 1339 489 1148'

70 560 148 623 nun,
171 540 228 625 qui
248 540 451 623 eontendnnt,
469 561 531 611 nes
553 541 639 611 ultra
654 540 821 611 corbeiam
841 560 906 609 non
927 540 1093 609 redituros.
1132 540 1176 609 Et
1192 562 1232 611 ne

70 674 120 723 res
145 657 181 723 in
206 661 314 725 tantm
336 655 475 725 levitatis
498 658 634 727 dictione
656 658 782 745 ineptes
802 662 1036 744 reputaremus,
1063 658 1234 745 scripserat

69 773 153 841 noun
174 778 347 843 eonventus
368 779 474 843 vater
493 780 603 843 uonna
616 774 806 859 manuum
819 776 903 841 tanti
918 780 1037 858 eeetua
1059 778 1170 841 tenua
1183 794 1233 841 se·
1343 768 1350 777 '

69 890 230 959 umtatenr
251 910 352 975 suern
375 910 455 976 quae
478 890 586 959 debuit
605 907 674 959 esse
688 890 883 976 eeatigatien
904 891 984 959 haee
996 890 1094 959 rerba
1107 890 1232 959 dieens:

70 1005 177 1073 Omnes
200 1032 283 1095 pm
312 1010 346 1073 ia
372 1010 498 1095 rapinae
524 1020 625 1075 aaran
647 1008 852 1097 prophetant,
879 1033 933 1077 aea
959 1009 1043 1075 ultra
1063 1032 1128 1073 aaa
1148 1010 1233 1075 redi·

68 1134 164 1187 mm
173 1117 190 1188 ¹.
230 1121 256 1189 0
278 1122 420 1190 hemines
442 1124 628 1210 prudentes,
652 1123 671 1191 d
692 1124 837 1193 homines
864 1124 979 1208 fortes,
1002 1124 1072 1210 qui,
1096 1122 1232 1191 anilibus

66 1236 175 1305 intenti
202 1238 335 1325 fabulis,
365 1246 397 1308 et
426 1260 495 1309 sese
521 1240 708 1329 perturbant
730 1246 763 1307 et
783 1260 842 1308 nas
864 1240 957 1308 seriis
978 1238 1072 1307 rebus
1094 1240 1232 1307 intemoe

67 1352 195 1439 fatigare
218 1374 281 1423 nen
305 1357 460 1425 desinunt.
495 1356 708 1442 Mulierculae,
732 1374 813 1444 quae
835 1374 943 1424 mures
966 1356 1041 1423 atrii
1062 1355 1161 1423 vestri
1177 1355 1232 1423 eb·

67 1470 211 1537 sederunt
234 1478 266 1539 et
287 1492 367 1559 quae
390 1474 599 1543 substantium
622 1475 733 1543 doinus
755 1479 883 1542 nestrae
905 1494 1017 1541 verare
1031 1471 1144 1557 solent,
1166 1492 1233 1539 me·

65 1584 182 1653 tiuntur
205 1588 314 1673 digitis
336 1591 412 1675 suis,
436 1596 563 1677 etpost
584 1590 803 1659 detestabilem
824 1595 919 1677 etque
933 1589 1100 1657 ridiculam
1115 1593 1233 1655 sortem

64 1706 275 1773 sternutantes
282 1702 304 1792 ¹,
326 1706 435 1773 dieunt
449 1708 597 1775 iurnnder
621 1710 685 1775 Por
705 1732 810 1774 omaer
824 1708 1008 1775 οΜεεόαηαε
1028 1709 1158 1789 ammae,
1182 1730 1232 1773 aa·

64 1844 128 1885 rum
152 1834 213 1905 eat,
237 1846 299 1889 aon
321 1836 495 1891 revertetur.
527 1822 686 1911 Propheta
709 1822 802 1891 dicit:
832 1824 888 1907 Va,
912 1826 967 1911 qui
983 1824 1174 1911 prophetant
1195 1824 1234 1888 da

66 1938 205 2005 eea-dibus
232 1941 313 2025 συξη
343 1964 479 2028 epreaaaaa
507 1954 551 2007 eat
576 1943 703 2029 epirdtaa
731 1946 753 2007 d
773 1941 864 2029 faeie
882 1938 1008 2027 fareris
1028 1940 1176 2021 Domini,
1205 1950 1235 2004 et

59 2052 161 2139 suetus
190 2058 388 2143 catapirates
416 2059 552 2125 mendae
578 2060 612 2123 ia
640 2082 693 2123 ore
720 2059 859 2123 manem
879 2054 1114 2143 prophatarum.
1147 2051 1235 2121 Heaa

65 2173 134 2235 eunt
153 2171 332 2256 angustiae,
354 2172 433 2239 haee
446 2178 521 2241 eunt
534 2171 627 2257 beda,
649 2172 728 2239 haee
741 2171 898 2255 intendit,
919 2168 998 2237 heae
1012 2169 1134 2254 medes,
1156 2168 1235 2238 heae

65 2286 202 2373 rapinae,
228 2306 307 2373 quae
322 2286 545 2357 Gerbeiensem
563 2287 880 2357 enmmvallaverunt
894 2286 1087 2355 aeeelesiam.
1118 2286 1236 2353 Verum

66 2398 137 2471 haee
164 2408 199 2471 et
227 2409 351 2471 eaetera
378 2404 462 2472 male
488 2405 594 2473 diviua
615 2406 769 2492 preteetio
793 2404 833 2472 ab
855 2404 927 2490 ipsa
947 2402 1058 2491 preenl
1079 2408 1233 2470 emerat.

67 2516 117 2586 Set
143 2519 242 2587 dieite
268 2520 359 2589 nobis
388 2520 427 2589 de
452 2521 616 2609 prophetie
637 2522 769 2605 vestris,
798 2520 854 2609 qni
874 2520 1022 2587 viderunt
1042 2518 1132 2587 vebis
1153 2518 1235 2587 {aaa

66 2636 226 2721 astulia,
249 2640 282 2703 et
303 2657 359 2704 vos
380 2658 445 2705 non
468 2638 646 2707 attendistis
669 2658 744 2705 vero
766 2636 942 2725 prophetae
959 2636 1091 2703 dieenti:
1117 2638 1235 2703 smus

66 2756 117 2834 eir,
140 2758 231 2821 auius
254 2766 297 2821 art
318 2776 429 2821 nemra
452 2757 583 2823 Domini
603 2778 673 2844 apae
696 2758 770 2838 eiua,
799 2766 829 2821 et
849 2777 913 2821 aaa
933 2755 1071 2841 raepara't
1090 2755 1125 2819 ia
1145 2755 1234 2819 amri·

66 2881 136 2936 tuter
162 2883 193 2937 et
215 2873 354 2937 iurantur
369 2865 500 2960 selred.
534 2869 599 2956 Ea,
628 2892 709 2957 quae
734 2870 941 2958 prophetant,
971 2873 1027 2936 aut
1047 2878 1140 2935 vera·
1160 2888 1235 2954 pre-

66 2984 194 3071 phetant
218 2991 274 3053 aut
294 2985 376 3056 fulua
396 2987 616 3055 vaticinantur.
652 2986 687 3055 Si
709 3007 786 3054 vera
805 2985 1007 3074 prophetant,
1029 3004 1086 3052 eur
1107 3004 1166 3051 nes
1185 2990 1235 3051 te-
1322 3059 1329 3073 .

67 3104 144 3171 eiena
168 3108 204 3169 et
224 3106 291 3169 tam
306 3103 445 3171 studiose
460 3096 625 3189 mudnatis,
649 3122 721 3171 eum
736 3108 869 3188 eenstet,
892 3101 977 3188 quod
990 3122 1066 3169 vera
1081 3100 1235 3188 predietio

66 3216 127 3285 tulli
149 3219 202 3287 vel
227 3220 368 3289 converti
388 3240 453 3289 non
474 3220 595 3307 possit?
629 3219 665 3288 Si
686 3240 761 3289 vere
784 3220 825 3287 de
847 3219 964 3306 spiritu
980 3217 1138 3285 mendatii
1154 3216 1237 3285 iudea

66 3332 250 3421 lequuntur,
279 3356 335 3405 eur
363 3338 528 3424 vosipsos
550 3337 754 3407 eommeuefis
777 3342 811 3405 et
831 3335 917 3403 tam*
939 3355 1023 3403 vana
1044 3340 1078 3401 et
1098 3338 1166 3400 turn
1185 3333 1236 3401 in-

8 3476 9 3485 *
67 3458 135 3539 epta
160 3453 345 3521 narratione
367 3452 564 3521 sollieitatis?
597 3452 804 3522 Revertamur
826 3458 911 3521 uerte
934 3450 975 3519 ad
997 3471 1070 3537 roe,
1098 3448 1235 3517 siDens

66 3570 246 3653 permiserit
267 3575 300 3636 et
319 3589 378 3637 nes
400 3570 581 3637 vixerimus.
615 3569 682 3637 Nee
704 3570 791 3637 enim
810 3570 895 3637 inter
915 3589 972 3637 res
994 3569 1042 3635 ita
1059 3566 1236 3635 conversati

67 3704 186 3772 annus,
217 3690 254 3753 ut
280 3686 386 3753 videre
414 3706 470 3753 ves
499 3687 733 3772 erubescamus,
761 3706 865 3772 neque
890 3704 947 3752 ros
973 3684 1054 3751 tales
1080 3701 1235 3768 erga-nee

68 3801 267 3888 exhibuistis,
295 3823 372 3889 quos
395 3824 523 3871 eernere
544 3803 759 3871 formidemus.
792 3802 963 3870 Veniemus
985 3806 1071 3867 eerte
1093 3804 1235 3885 tempere

8 3942 9 3945 ¹
68 3924 96 3985 et
115 3920 166 3987 die
188 3917 311 4007 prefixe
334 3920 368 3987 in
390 3920 504 3988 litteris
526 3915 672 4005 nostrin,
695 3940 773 4006 ques
795 3940 854 4006 per
875 3917 1079 3987 Ludewieum
1102 3934 1235 4003 puerum

8 4068 9 4105 1
67 4042 208 4103 nestrum
240 4036 330 4105 vebis
363 4036 551 4122 direximus,
585 4036 661 4103 huet
689 4035 887 4105 stabulensis
921 4033 1073 4104 aeeclesia
1102 4036 1235 4119 prepter

69 4160 163 4221 eertas
187 4158 221 4221 et
242 4153 449 4241 inpendentes
471 4173 508 4221 ae
528 4152 722 4241 perieulesas
744 4155 884 4222 rationes
905 4158 1048 4221 nostram
1062 4161 1136 4233 egre
1151 4146 1236 4214 ierat

134 4304 299 4353 amena
361 4304 706 4369 abundique-beo&

134 4400 160 4456 i.
178 4416 224 4470 ep.
236 4400 271 4456 98
289 4415 372 4470 supra
389 4416 416 4470 p.
431 4400 491 4456 173.
563 4402 589 4455 2.
609 4398 651 4457 ef.
667 4400 772 4457 Grimm
791 4398 932 4456 Deutsehe
949 4395 1120 4469 Mythelegie
1138 4396 1193 4466 (ed
1205 4396 1234 4466 3)

71 4486 103 4543 Π.
118 4504 146 4559 p.
158 4488 243 4585 1070..
306 4490 332 4546 3.
350 4490 397 4547 Ps.
408 4489 452 4561 39,
464 4490 491 4546 5.
558 4490 586 4547 4.
603 4489 659 4547 ie.
678 4488 724 4546 die
744 4489 778 4545 14
796 4488 925 4561 Augusti.
950 4486 1046 4632 Viqpp.
1062 4488 1111 4543 101
1130 4503 1160 4559 p.
1173 4488 1234 4545 176.
