3117 4859
321 250 388 319 264
698 268 847 317 wsasnm
867 267 1033 317 semrom
1055 266 1109 315 rso.

233 412 301 471 1149
321 425 408 491 tuas,
432 411 479 475 ibi
501 424 545 477 eet
567 424 596 477 st
617 432 671 477 eor
693 424 780 477 taam
788 407 806 476 ¹.
852 410 916 478 Vos
937 411 1047 497 utique
1069 415 1102 477 et
1122 410 1305 498 paucissimi
1327 410 1367 477 de
1387 410 1484 498 perio·

321 532 443 594 storum
465 545 605 610 numero,
630 546 707 612 quos
730 526 856 595 divinae
878 526 1035 612 largitatis
1048 528 1174 595 bonitas
1188 527 1279 595 nobis
1294 528 1412 613 absque
1425 527 1487 594 ulla

320 644 506 711 meritorum
528 644 737 730 prerogativa,
762 644 879 729 absque
901 644 967 710 ulla
980 644 1196 711 similitudinis
1211 643 1392 712 coherentia
1404 644 1489 712 dedit

321 759 449 844 amicos,
474 759 549 827 estis
572 760 737 827 thesaurus
760 767 878 846 noster,
902 760 941 827 de
963 782 1024 846 quo
1047 780 1173 847 semper
1192 760 1357 829 haurimus
1379 767 1412 829 et
1427 780 1489 827 non

316 877 484 961 minuitur,
507 876 546 942 de
568 896 630 961 quo
652 876 737 943 fores
760 875 840 944 nihil
861 883 994 964 possunt
1016 896 1195 965 excerpere,
1218 898 1313 964 quem
1334 877 1446 962 rubigo
1460 882 1492 945 et

321 994 408 1060 tinea
421 1012 486 1060 non
500 996 633 1079 possunt
652 1012 862 1081 corrumpere.
894 992 1021 1061 Credite
1034 994 1136 1079 nobis,
1159 995 1316 1081 episcope,
1339 995 1368 1061 si
1391 999 1493 1061 totmn

321 1109 474 1177 mundum
500 1108 703 1193 haberemus,
733 1116 765 1177 et
792 1131 848 1178 vos
877 1130 914 1177 ac
939 1112 1038 1179 vestri
1065 1110 1200 1195 similes,
1227 1112 1282 1196 qui
1309 1110 1493 1198 paucissimi

322 1246 391 1295 esse
413 1230 555 1313 possunt,
579 1226 695 1292 amicos
718 1246 783 1293 non
804 1227 1000 1312 haberemus,
1023 1247 1178 1315 pauperes
1200 1247 1349 1295 essemus.
1390 1226 1494 1294 Vestri

322 1364 396 1427 ergo
419 1362 544 1429 semper
565 1362 719 1409 memores
744 1349 775 1411 et
797 1364 855 1429 per
876 1345 1071 1411 incrementa
1092 1344 1204 1411 fortius
1225 1344 1261 1410 in
1283 1363 1426 1411 amorem
1444 1364 1493 1411 ao

322 1460 424 1543 censi,
452 1460 687 1546 expectavimus
709 1459 862 1547 temporis
884 1461 1146 1547 oportunitatem,
1170 1460 1294 1547 quaudo
1316 1460 1495 1527 desiderata

321 1577 387 1642 iam
416 1575 470 1642 diu
496 1577 657 1663 presentia
684 1581 791 1643 vestra
817 1577 938 1663 perfrui
963 1597 1128 1664 possemus
1162 1582 1194 1644 et
1218 1576 1312 1661 longo
1339 1575 1494 1662 colloquio

323 1690 482 1759 effundere
509 1690 621 1759 flucbre
651 1694 774 1760 animae
801 1699 943 1778 nostrae,
974 1693 1087 1779 quibus
1114 1693 1242 1761 cottidie
1268 1693 1435 1761 turbamur
1465 1698 1496 1760 et

202 1844 208 1859 ·
323 1828 486 1875 movemur
508 1809 590 1875 sieut
612 1804 744 1876 ebrius'.
792 1808 969 1895 Siquidem,
995 1816 1088 1898 pater
1109 1810 1335 1894 amantissime,
1357 1809 1495 1877 habeba·

323 1946 393 1992 mus
420 1925 510 2012 prius
538 1945 669 1991 uxorem
699 1929 731 1992 et
757 1923 879 2012 lippam
905 1931 938 1993 et
964 1926 1185 1994 infoecundam
1206 1932 1239 1993 et
1260 1932 1407 2013 preterea
1425 1947 1495 1993 ma·

323 2036 442 2123 eram';
472 2041 549 2109 haec
570 2063 645 2109 vero
668 2037 851 2128 posterior⁴‚
878 2043 967 2110 cuius
989 2042 1190 2110 matrimonio
1213 2041 1352 2130 copulati
1373 2063 1495 2127 sumus,

323 2158 471 2246 pinguior
494 2158 620 2245 quidem
643 2164 700 2243 est,
723 2164 773 2226 set
793 2180 857 2226 uon
872 2160 978 2227 minus
991 2158 1081 2247 lippa
1095 2165 1128 2227 et
1141 2159 1259 2227 sterilis
1273 2180 1369 2245 quam
1383 2158 1495 2243 altera,

324 2280 357 2343 et
377 2279 523 2362 preterea
544 2276 767 2360 contumacior,
790 2296 874 2343 nora
896 2296 1049 2362 quaerens
1071 2282 1104 2343 et
1124 2296 1182 2343 sua
1203 2275 1308 2363 quiete
1330 2274 1449 2343 dolena

412 2390 552 2475 Utinam,
569 2391 649 2459 bone
665 2392 744 2476 lesu,
760 2392 839 2459 mihi
854 2393 947 2460 dares
961 2391 1050 2459 illam
1061 2392 1189 2461 Abacuc
1202 2392 1377 2480 prophetae
1391 2397 1495 2462 bam·

323 2509 483 2594 lationem,
507 2514 553 2592 ut,
577 2509 788 2576 cumvenerit
809 2508 979 2576 Anselmus
1000 2510 1166 2595 episcopus
1188 2508 1320 2576 Romam
1342 2509 1384 2574 ad
1405 2508 1495 2575 illum

324 2630 467 2693 nostrum
501 2624 739 2709 cancellarium,
774 2631 841 2693 tam
875 2626 955 2693 bene
982 2626 1083 2692 nostri
1111 2646 1298 2709 memorem,
1332 2644 1495 2712 possemus

324 2744 466 2829 utrisque
495 2742 618 2808 animae
646 2746 774 2808 nostrae
802 2742 939 2808 archana
966 2742 1143 2827 patefacere
1171 2746 1340 2808 eteorum
1366 2742 1495 2809 oonsilio

325 2865 357 2927 et
385 2858 597 2926 consolatione
626 2857 771 2941 solidari3
799 2878 874 2925 uam
897 2858 1062 2943 utrobique
1084 2858 1193 2942 divisi,
1221 2857 1333 2944 lupum
1354 2862 1495 2925 tenemus

238 2995 308 3051 1148
324 2996 383 3064 per
405 2972 523 3043 aures‘.
615 2976 802 3044 Miseramus
824 2974 957 3041 Romam
978 2994 1037 3060 pro
1058 2974 1237 3041 intimanda
1257 2974 1373 3040 domno
1395 2994 1496 3061 papae

242 3069 301 3117 ΝΜ·
325 3090 475 3159 Fuldensi
504 3089 682 3177 electioue⁸,
711 3093 762 3159 cui
786 3112 825 3158 ex
847 3091 947 3177 ipsius
969 3091 1119 3157 mandato
1140 3091 1392 3158 interfueramus.
1437 3090 1495 3157 Re-

216 3227 310 3277 uaso
325 3208 419 3294 liquit
440 3210 572 3276 nuncius
595 3205 720 3277 noster'
743 3208 848 3277 3Kal.
864 3207 1004 3274 Ianuarii
1024 3208 1175 3274 domnum
1196 3226 1313 3293 papam
1335 3228 1450 3273 sanum
1465 3213 1497 3274 ct

326 3323 515 3392 incolumem
537 3326 622 3413 apud
636 3325 812 3408 Viterbum,
835 3329 869 3391 et
888 3330 1033 3391 nostrum
1054 3324 1275 3391 cancellarium
1295 3322 1495 3405 Gluidonem)

326 3439 456 3529 plenum
478 3442 681 3509 iocunditatis
704 3447 736 3509 et
750 3442 852 3510 bonae
867 3442 944 3528 spei.
979 3439 1040 3521 Qui
1061 3441 1153 3509 nobis
1175 3439 1331 3524 affectum,
1354 3461 1450 3527 quem
1463 3441 1495 3506 in

327 3562 436 3625 nostra
458 3559 614 3645 parvitate
636 3560 780 3646 concepit
802 3563 835 3625 et
857 3578 951 3644 quem
973 3558 1008 3624 in
1029 3558 1144 3625 litteris
1158 3558 1273 3624 rochis
1289 3557 1411 3623 tociens
1427 3577 1496 3623 cum

328 3675 483 3742 desiderio
505 3676 627 3763 prodit,
656 3674 791 3763 epistola
811 3675 983 3763 prolixiore
1005 3675 1125 3762 scripta
1145 3674 1373 3756 manifestarit3
1405 3694 1496 3761 quera

328 3812 386 3859 nos
415 3796 538 3858 tantum
567 3792 741 3877 diligimus,
771 3796 923 3878 quantum
945 3810 1112 3877 possumus
1135 3797 1168 3858 et
1187 3790 1409 3875 intelligimus,
1435 3810 1496 3857 non

329 3910 403 3995 quia
424 3929 483 3975 nos
506 3909 643 3992 affluunt,
670 3913 719 3975 set
741 3908 816 3994 quia
836 3927 895 3974 nos
917 3907 1030 3992 diligit,
1053 3928 1119 3974 non
1139 3908 1215 3993 quia
1235 3912 1347 3994 potens
1369 3912 1429 3991 est,
1450 3912 1497 3974 set

401 4120 426 4176 1.
438 4118 535 4175 llatth.
550 4119 574 4186 6,
587 4118 630 4173 21.
677 4120 702 4174 2.
716 4119 761 4175 Ps.
775 4119 893 4187 106,2ἵ.
943 4119 969 4174 3.
981 4117 1121 4174 abbatiam
1133 4116 1335 4175 stabulensem.
1377 4118 1403 4174 4.
1417 4117 1494 4175 abha-

329 4208 370 4263 tia
387 4208 569 4265 corbeiensis.
645 4208 671 4265 h.
691 4206 732 4265 cf.
751 4208 864 4263 Terent.
880 4206 990 4264 Phorm.
1008 4207 1092 4276 1112,
1110 4208 1158 4276 21,
1177 4206 1290 4263 Sueten.
1306 4206 1400 4264 liber.
1417 4223 1442 4263 c.
1453 4205 1492 4262 lb

330 4297 355 4353 6.
375 4299 445 4353 1148
463 4298 534 4355 Nor.
558 4296 593 4353 V.
606 4312 650 4367 ep.
664 4297 716 4354 138
734 4312 818 4367 supra
834 4313 861 4367 p.
875 4298 936 4353 215.
1010 4298 1036 4353 7.
1053 4295 1221 4353 Ludovicus.
1244 4296 1279 4354 V.
1298 4312 1342 4366 sp.
1357 4297 1410 4352 160
1426 4294 1494 4352 inira

330 4402 357 4457 p.
370 4387 433 4443 hcc.
