3117 4859
500 258 650 306 mmmm
670 257 836 308 mmmm
852 261 889 306 11.
1236 245 1279 312 85

191 400 321 480 Quanta
348 405 453 468 autem
477 406 509 467 ct
531 400 638 487 qualia
658 420 717 488 per
739 401 944 488 impiissimas
967 407 1075 486 gentes
1098 401 1278 487 Longobar-
1307 409 1375 498 1137

105 517 234 602 domm,
262 517 533 585 Nortmannorum
561 523 594 584 et
622 517 848 586 Saracenorum
877 539 933 602 ego
962 523 994 586 et
1020 517 1200 586 Gasineneis
1228 540 1279 588 eo
1296 484 1345 534 ⁰⁰*
1356 499 1389 534 ω’

104 634 202 705 alesia
228 655 288 722 pro
315 632 468 701 fidelitate
489 633 623 700 Romani
649 634 777 722 imperii
805 640 838 702 et
865 634 1055 723 apostolicae
1078 636 1161 702 sodis
1184 638 1278 703 susti·

104 771 252 835 nmmos,
281 749 373 818 udus
395 751 533 818 scribere
555 771 620 818 non
641 750 773 835 sufficit,
797 771 868 818 cum
892 753 998 818 omnia
1018 751 1106 836 ligna
1127 751 1278 820 silvarum

105 868 284 954 herbaeque
305 887 505 954 camporum,
533 867 636 934 undae
658 868 756 934 maris
779 887 817 934 ac
839 887 953 934 arenae
974 868 1133 952 littorum,
1157 870 1185 934 si
1206 890 1277 937 rer·

104 989 213 1051 tantur
241 984 277 1051 in
298 983 438 1068 linguas,
468 1003 616 1050 enarrare
637 1003 702 1050 non
724 983 858 1051 valeant.
893 983 980 1052 Nihil
1002 985 1087 1052 enim
1109 985 1196 1052 aliud
1218 985 1276 1053 Ca·

105 1100 226 1168 oinemi
260 1099 410 1168 ecelesiae
442 1100 506 1168 uisi
536 1099 773 1168 tribulationem
802 1101 1043 1170 inenarrabilem
1071 1101 1275 1188 reliquerunt.

105 1216 148 1286 Et
169 1236 244 1284 ecce
264 1217 345 1304 proh
367 1215 467 1301 dolor,
489 1237 563 1301 rege
577 1216 846 1284 Nortmannorum
861 1217 994 1302 lingerio
1018 1238 1089 1286 eum
1112 1239 1168 1286 suo
1187 1239 1276 1286 exer-

106 1333 171 1400 citu
191 1333 389 1418 gratulante,
419 1332 505 1400 eolus
525 1331 667 1400 idalium
689 1339 797 1402 coetus
819 1355 936 1420 magna
956 1335 1179 1404 moestitudine
1202 1355 1277 1404 con-

106 1451 256 1534 sumitur,
286 1449 528 1516 christianorum
551 1451 679 1535 sanguis
702 1449 888 1537 effunditur,
918 1451 1063 1520 monachi
1085 1452 1119 1520 in
1141 1453 1276 1520 carceris

106 1567 234 1634 vincula
246 1565 437 1649 vinciuntur,
460 1564 591 1634 devotus
606 1565 674 1634 Deo
688 1567 825 1654 populus
840 1569 989 1636 continua
1003 1574 1108 1654 strage
1122 1574 1274 1636 rmtatur.

104 1683 186 1752 Nmn
215 1684 271 1770 qui
297 1683 405 1750 evadit
428 1684 534 1768 ignem
557 1683 608 1751 rel
629 1683 787 1768 gladium,
814 1684 933 1771 praeda
956 1683 1103 1769 efficitur,
1133 1687 1275 1773 captivus

103 1799 252 1885 trahitur,
276 1800 473 1868 venundatur
496 1805 529 1868 et
550 1800 624 1868 exul
640 1804 793 1888 perpetuo
808 1801 1019 1868 constituitur.
1054 1801 1106 1869 En
1121 1803 1276 1888 civitatee,

104 1923 227 2002 meua,
253 1917 403 1984 acclesiae
425 1937 462 1984 ac
483 1918 677 1984 monasteria
698 1916 850 1984 destituta
871 1917 1100 1986 habitatoribus
1123 1919 1275 2007 disperie-

103 2039 180 2102 runt
206 2039 240 2101 et
265 2033 440 2121 praepositi
467 2053 505 2100 ac
529 2033 675 2100 monachi
696 2033 756 2100 hac
776 2033 911 2120 illacque
934 2035 1079 2123 dispersi.
1116 2034 1190 2102 Sola
1211 2035 1274 2104 illis

102 2149 196 2218 Beati
217 2149 381 2218 Benedicti
408 2149 520 2218 limina
546 2149 697 2218 derelicta
717 2156 793 2218 sunt
817 2151 851 2217 in
872 2151 1045 2236 retugium,
1073 2172 1145 2218 cum
1165 2173 1275 2223 mona-

103 2267 203 2336 steria
224 2287 334 2334 eorum
355 2267 389 2334 in
410 2268 550 2334 ferarum
572 2267 701 2334 redacta
721 2266 786 2334 sint
801 2262 926 2352 cubilia,
949 2269 1058 2356 stipsi
1073 2269 1145 2353 vagi
1160 2275 1193 2337 et
1207 2268 1275 2338 sine

103 2385 196 2452 tectis
219 2384 350 2469 inventi,
372 2405 437 2450 non
458 2383 523 2450 iam
546 2385 591 2450 eie
614 2383 709 2452 liceat
725 2384 909 2471 praedicare
927 2405 1041 2454 nomen
1056 2385 1195 2471 Domini,
1219 2387 1275 2455 sed

102 2501 292 2570 mendicare.
326 2500 426 2585 Ecce,
452 2501 625 2588 imperator
644 2500 779 2586 invicte,
802 2502 947 2588 pervenit
968 2501 1091 2586 gladius
1113 2522 1211 2588 usque
1234 2504 1275 2571 ad

103 2614 275 2700 animam¹3
301 2637 373 2685 ecce
394 2617 472 2701 dics,
494 2617 528 2684 in
551 2637 614 2702 qua
635 2616 825 2684 clamamus:
851 2619 970 2686 Beatos
986 2621 1103 2686 ater-ileo
1117 2643 1197 2708 qaue
1211 2643 1274 2686 eon

99 2747 283 2824 peramat,
307 2747 337 2802 et
357 2737 448 2802 troo
469 2737 566 2802 adera
589 2758 670 2824 qaae
690 2759 754 2802 noa
774 2729 996 2816 lactaverunt²3
1020 2753 1092 2800 ecce
1114 2733 1170 2800 illa
1189 2735 1274 2821 peri·

102 2852 211 2920 cnlosa
233 2857 378 2939 tempora
391 2848 483 2916 Pauli
505 2869 580 2917 voce
602 2845 791 2938 praedicta⁸.
825 2848 919 2918 Libet
936 2869 1011 2934 ergo
1026 2870 1097 2918 cum
1112 2851 1274 2920 Hieremia

102 2968 256 3038 clamaret
293 2967 371 3050 Quo
401 2968 489 3034 dabit
514 2969 611 3056 copiti
637 2991 704 3036 meo
732 2991 848 3057 operam
877 2980 904 3034 et
932 2969 1027 3036 caelia
1054 2971 1130 3034 meio
1150 2968 1273 3057 fontem

101 3079 340 3176 heymonem,
369 3088 407 3150 nt
427 3082 576 3169 plangam
597 3089 719 3151 tantam
742 3103 779 3151 ac
801 3089 923 3150 tantam
945 3084 1121 3169 miseriam,
1150 3084 1213 3152 tale
1236 3106 1273 3155 ac

101 3207 227 3270 tantum
249 3199 408 3267 excidium
425 3200 570 3286 patriae?
599 3200 695 3270 Sedet
711 3201 746 3268 in
760 3201 901 3284 tristitia,
920 3201 996 3287 quin
1011 3202 1117 3289 potius
1131 3203 1165 3268 in
1179 3202 1273 3270 ruina

102 3317 284 3386 Casinam
298 3316 440 3400 ecclesia,
462 3322 557 3404 caput
571 3319 712 3385 omnium
726 3317 998 3400 monasteriorum,
1014 3323 1116 3386 mater
1131 3319 1272 3388 omnium

101 3434 341 3518 coenobiorum,
369 3433 541 3502 consolatio
567 3435 724 3518 tristium,
752 3439 863 3521 portus
888 3433 1143 3521 periclitantium.
1179 3436 1271 3520 Eece,

101 3553 247 3639 inquam
275 3572 387 3619 reuera
409 3550 476 3617 dies
498 3551 710 3619 tribulationie
732 3556 765 3618 et
787 3548 964 3634 angustiae,
992 3549 1059 3618 dies
1082 3550 1273 3618 calamitatis

102 3674 134 3736 et
154 3669 319 3753 miseriae,
348 3668 416 3734 dies
438 3666 639 3736 tenebrarum
661 3673 694 3736 et
715 3667 875 3752 caliginis,
906 3667 973 3734 dies
994 3667 1128 3736 nebulae
1150 3672 1183 3734 et
1204 3672 1276 3734 tur--

101 3785 197 3869 bium,
219 3785 287 3854 dies
309 3784 404 3852 tubae
425 3789 459 3852 ct
480 3783 646 3868 clangoris.
727 3782 902 3852 Praeterito
926 3785 1043 3871 quippe
1065 3805 1148 3852 anno
1170 3784 1271 3850 homi-

101 3923 157 3969 nes
185 3901 277 3969 Beati
303 3901 466 3970 Benedicti
494 3902 742 3987 seminaverunt,
772 3901 830 3968 sed
857 3905 987 3988 propter
1014 3901 1144 3968 militias
1173 3902 1270 3968 vestri

101 4017 212 4086 invicti
238 4017 365 4105 imperii
392 4037 457 4084 non
484 4017 727 4102 recollegerunt3
755 4017 815 4084 hoe
837 4038 911 4084 vero
934 4037 1016 4084 anno
1039 4018 1198 4102 quianon
1220 4035 1268 4084 se-

102 4135 234 4218 minant,
256 4153 315 4201 nec
336 4139 386 4202 cst
406 4133 607 4218 recolligendi
628 4133 751 4202 fiducia

191 4249 273 4330 Quid
301 4270 374 4318 vero
404 4249 443 4318 de
466 4251 605 4318 exercitu
627 4250 754 4318 Siciliae
775 4250 895 4334 dicam,
923 4269 995 4318 cnm
1017 4250 1147 4316 comites
1169 4248 1269 4334 Aqui-

176 4385 201 4438 1.
218 4381 411 4451 leram.4,10.
460 4382 486 4437 Ξ.
505 4381 684 4452 Lucanae.
732 4382 757 4438 3.
776 4379 926 4438 ammoth.
938 4381 964 4452 3,
978 4381 1018 4441 1..
1050 4379 1267 4453 aleremur.
