3117 4859
409 306 558 358 uranum
578 308 764 359 narsuonan
784 307 823 355 aa
838 306 877 355 aa.
1163 292 1225 357 111

69 447 145 535 poris
160 468 197 517 ac
211 468 335 517 morum
350 450 486 537 qualitas
500 451 712 538 periculosior.
742 449 823 519 (lum
837 450 1093 538 occupationibus
1107 451 1225 519 nostris
1244 454 1313 512 114‘1

69 564 252 652 explicandis
279 570 347 633 tota
368 568 434 634 dics
456 587 520 634 non
543 566 692 653 sufficiat,
720 568 798 635 haec
818 573 942 635 restrae
964 568 1141 634 sinceritati
1162 587 1227 635 una

67 686 132 768 post
151 685 322 751 matutinas
336 683 461 769 uigilias
475 682 747 753 lucubratiuncula
760 686 891 772 propria
902 704 1001 751 manu
1016 684 1225 768 exaravimus,

3 846 5 865 r
67 797 192 865 nultum
207 783 429 887 supplicantes,
452 806 498 886 ut,
521 802 604 869 siout
617 802 656 870 de
670 806 777 870 restra
790 802 910 890 pietate
923 800 1119 886 confidimus,
1134 820 1226 868 orare

3 942 4 971 1
67 933 118 1003 pro
137 916 228 983 nobis
250 917 432 1003 dignemini
467 917 587 986 Valete.

3 1162 5 1217 l

3 1796 5 1851 l

3 2046 5 2103 l

3 2188 5 2317 l

3 2320 5 2371 l

3 4422 5 4479 l

3 1748 5 1795 l
64 1764 166 1814 manas
190 1747 358 1817 aecclesiae
386 1770 509 1817 summo
536 1749 677 1837 pontifici
699 1748 887 1832 Oionradus)
909 1747 971 1816 Dei
992 1750 1095 1833 gratia
1109 1746 1224 1814 Roma-

68 1239 122 1314 33.
146 1246 306 1315 Comedus
324 1247 380 1316 ffl
395 1272 453 1315 rec
474 1248 618 1337 Euporie
634 1248 692 1317 ΠΙ
703 1274 811 1339 papae
830 1250 996 1337 respondet
1016 1250 1056 1315 de
1076 1247 1224 1314 Haima‘co

138 1364 211 1456 fito
232 1387 306 1452 repe
329 1365 421 1431 eleeto
443 1367 542 1455 depae
559 1390 649 1433 crece
662 1378 813 1454 accepta
847 1366 933 1433 Eam
947 1366 1138 1453 Arpeatiaae
1151 1388 1225 1431 corr

143 1482 247 1547 amira
268 1481 341 1547 vait
376 1480 514 1569 Leputcs
534 1505 606 1549 mos
629 1484 830 1551 cornmeodat.
1084 1478 1139 1561 (bt
1157 1480 1224 1561 20.)

144 1628 358 1699 Dilectissimo
385 1632 419 1699 in
447 1632 572 1701 Christo
605 1633 690 1720 patri
724 1653 781 1701 suo
808 1631 977 1717 Eiugenio)
1011 1636 1138 1699 sanctae
1162 1630 1224 1697 Ro-
1242 1642 1311 1763 {¹32

64 1882 166 1929 norum
194 1886 253 1932 rex
281 1872 313 1933 et
341 1886 465 1954 semper
494 1872 644 1951 augustus
666 1866 795 1934 filialem
816 1887 876 1954 per
897 1866 1003 1933 onmia
1024 1863 1223 1933 dilectionem

65 1984 91 2045 et
110 1980 247 2049 debitam
268 1983 304 2049 in
326 1982 462 2051 Domino
484 1984 702 2051 reverentiam.

142 2096 281 2166 Litteras
314 2100 491 2167 sanctitatis
524 2104 648 2167 restrae
675 2121 733 2187 per
750 2098 899 2184 'legatum
928 2104 1084 2185 vestrum,
1118 2099 1222 2167 sirum

63 2213 179 2299 utique·
193 2215 285 2282 nobis
307 2234 379 2283 cum
396 2217 482 2284 omni
497 2216 663 2284 dilectione
678 2217 842 2284 ethonore
857 2216 1093 2302 nominandum,
1110 2216 1223 2299 Tlheo-

63 2328 214 2415 lerinum)
237 2337 364 2399 sanctae
385 2332 516 2401 Rufinae
545 2334 728 2421 episcopum
755 2333 869 2400 missas
895 2332 1075 2418 gratissime
1101 2334 1223 2421 accepi·

63 2465 123 2514 mus
153 2452 199 2534 et,
229 2468 309 2535 quae
335 2450 369 2516 in
396 2450 475 2537 ipsis
504 2451 759 2534 continebantur,
788 2448 878 2516 filiali
900 2454 932 2516 et
953 2451 1065 2517 intima
1086 2450 1224 2517 karitate

64 2562 98 2629 ad
122 2563 267 2633 effectum
296 2566 510 2652 perduximus.
546 2566 708 2654 Siquidem
736 2567 775 2634 de
801 2566 998 2633 ordinatione
1020 2568 1110 2651 regni
1131 2566 1222 2635 nobis

64 2678 163 2748 iDeo
186 2684 343 2767 concessi,
372 2703 467 2769 super
489 2704 552 2769 qua
573 2704 631 2750 nos
654 2688 787 2771 patema
808 2682 1018 2750 sollicitudine
1039 2703 1167 2750 monere
1190 2688 1223 2750 et

64 2796 213 2865 exhortari
243 2801 392 2885 curastis,
421 2820 538 2885 magna
565 2820 636 2868 cum
665 2801 838 2868 attentione
864 2805 897 2868 et
917 2799 1082 2884 diligentia
1102 2801 1137 2867 in
1158 2799 1221 2866 ire-

64 2915 161 2999 quenti
187 2916 367 3003 principum
394 2922 549 2983 conventu
577 2917 661 3004 apud
683 2916 935 3005 Frankenevort‚
963 2918 1016 2987 ubi
1042 2916 1219 3002 generalem

64 3031 173 3099 curiam
202 3031 385 3117 habuimus,
413 3032 552 3100 studiose
581 3039 613 3100 et
640 3033 809 3103 efficaciter
830 3036 899 3103 Deo
921 3040 1082 3122 prestante
1103 3040 1220 3102 tracta·

63 3147 164 3235 vimus,
188 3148 394 3235 ordinataque
417 3154 449 3216 et
469 3147 594 3216 firmata
616 3152 775 3218 communi
796 3173 855 3240 per
875 3173 983 3220 omnes
996 3153 1087 3237 regni
1101 3151 1220 3219 nostri'*

62 3271 157 3351 partes
181 3266 283 3333 solida
304 3286 392 3354 pace,
415 3264 516 3332 lilium
532 3270 674 3333 nostrum
689 3266 874 3337 Heinricum
887 3270 921 3336 in
936 3291 1042 3355 regem
1057 3274 1090 3336 et
1104 3268 1221 3357 sceptri

63 3382 151 3449 nostri
173 3403 387 3450 successorem
403 3384 545 3451 unanimi
562 3384 741 3471 principum
757 3387 949 3454 coniventia⁰
965 3392 997 3454 et
1012 3386 1109 3453 alacri
1122 3386 1220 3452 totius

62 3499 140 3583 regni
162 3498 387 3567 acclamatione
409 3500 553 3586 electum,
576 3501 734 3569 mediante
755 3502 816 3569 hac
839 3498 1094 3588 quadragesima¹
1114 3503 1149 3569 in
1162 3524 1219 3591 pa-

62 3610 126 3683 latio
144 3617 339 3703 Aquisgrani
361 3616 538 3703 coronaret,
562 3617 669 3685 divina
690 3625 843 3706 preeunte
865 3619 1090 3705 misericordia,
1113 3619 1220 3687 decre-

62 3730 161 3800 vimus.
254 3732 337 3801 Sane
359 3732 443 3821 quod
465 3734 661 3802 dulcedinem
683 3740 822 3803 vestam
843 3738 952 3823 movit,
979 3757 1036 3805 nos
1059 3757 1128 3805 rem
1148 3741 1220 3804 tan·

62 3850 127 3935 tum,
150 3850 270 3918 scilicet
291 3848 330 3917 rie
353 3851 442 3935 signo
464 3850 607 3920 vivificae
627 3854 727 3919 crucis
744 3853 829 3920 etde
844 3858 951 3920 tautae
965 3858 1092 3940 tamque
1106 3853 1219 3938 longae

63 3967 260 4053 expeditionis
290 3969 468 4055 proposito,
502 3968 618 4055 absque
647 3974 754 4037 vestra
783 3971 974 4037 conscientia
1000 3971 1218 4057 assumpsisse,

64 4078 96 4148 de
108 4102 218 4170 magno
233 4104 327 4151 verae
342 4083 517 4152 dilectionis
534 4084 647 4153 affectu
661 4086 825 4173 processit.
857 4086 912 4155 Set
927 4086 1065 4177 Spiritus
1080 4092 1217 4173 sanctus,

124 4248 143 4281 ι.
157 4236 229 4297 itique
245 4254 265 4283 e.
326 4234 349 4283 b.
369 4238 414 4283 mei
429 4240 452 4284 in
468 4238 520 4285 cod.
537 4248 657 4285 correctum
673 4250 706 4288 us
721 4242 744 4286 ia
759 4239 840 4287 notul.
901 4253 922 4287 e.
942 4242 977 4288 ric
991 4242 1013 4286 r'n
1030 4239 1082 4287 cod.
1097 4248 1218 4287 conectam

64 4322 92 4361 aet
103 4316 261 4365 murmisntia.
322 4314 345 4364 d.
361 4320 396 4365 ric
411 4334 467 4365 corr.
483 4327 517 4366 ert
531 4320 555 4365 r'rr
570 4318 621 4367 eod.
638 4319 751 4368 ordinare.

124 4411 506 4471 Liadiebbmllartil.
