3117 4859
309 243 399 312 ¹578
709 261 1119 312 wmunnnnerseonsue

231 407 300 463 1156
332 401 514 470 detrimenti
535 401 756 472 reclamatione
775 423 844 491 nos,
866 405 976 472 divine
989 411 1023 472 et
1035 410 1143 474 vestre
1155 404 1230 472 freti
1244 405 1362 490 gratim
1384 405 1495 472 inteu-

221 483 316 529 ⁶¹⁰¹²¹¹²⁰
332 523 400 586 tum
426 520 651 606 processimus,
680 521 764 606 quod
791 522 1037 610 domnnspepe
1057 522 1141 590 vices
1168 541 1244 588 sues
1268 522 1305 587 in
1326 521 1391 588 beo
1410 541 1498 587 oense

332 634 446 702 domno
460 633 741 721 Msgedeburgensi
763 633 1015 725 orobiepisoopo¹
1036 631 1226 719 commisit¹3
1249 637 1307 721 qui
1325 637 1498 704 otiantem

331 770 388 818 nos
417 771 512 837 quom
537 752 687 820 domnum
710 753 1002 839 Osnebruggensem
1023 747 1222 841 episeopum⁸
1245 752 1287 820 ed
1309 753 1499 840 presentium

331 885 422 934 suem
443 867 477 960 iu
499 868 628 936 civitate
649 868 851 938 Mersebnrob
865 871 1018 956 vigesim
1039 870 1091 938 die
1112 869 1229 936 mensis
1247 865 1412 936 luuuurii‘
1432 889 1501 936 ero·

332 983 424 1050 nevit
492 983 592 1062 Quom
615 984 744 1054 obrem
766 987 964 1056 dementium
985 991 1134 1070 reserem,
1156 986 1196 1053 de
1216 1005 1279 1070 que
1302 1005 1371 1052 non
1393 1005 1501 1072 perum

331 1096 526 1185 oonfidimos,
549 1100 664 1169 obnixe
683 1100 872 1188 flagitemus,
895 1108 931 1170 ut
946 1103 1047 1171 eidem
1061 1102 1175 1170 domno
1190 1101 1434 1189 urebiepisoopo
1446 1101 1502 1168 inr-

330 1214 466 1303 perieles
481 1217 586 1303 epioes
602 1217 759 1286 destinare
775 1219 958 1304 dignemini,
975 1224 1129 1306 quotenus
1141 1238 1201 1306 pro
1213 1223 1340 1284 vestrae
1354 1217 1502 1284 iussionis

330 1333 507 1402 reverentie
534 1353 661 1402 oensem
688 1341 830 1404 nostram
857 1337 992 1422 benigne
1018 1335 1171 1422 suscipiet
1196 1339 1230 1402 et
1249 1335 1320 1401 sine
1341 1331 1501 1400 dilationis

329 1448 555 1536 impedimento
578 1448 716 1534 difiuiut3
743 1473 803 1521 neo
830 1453 999 1522 eeeolesiee
1020 1451 1202 1520 Corbeienei
1224 1450 1429 1537 eliquetmus
1450 1449 1503 1516 ob-

330 1565 432 1649 sistet,
459 1565 543 1651 quod
564 1565 645 1633 dono
670 1571 702 1634 et
722 1568 898 1655 privilegiis
921 1575 1153 1638 enteosssorum
1174 1571 1354 1634 vestrorum
1378 1565 1502 1633 eusdem

329 1681 552 1750 decimationes
576 1681 596 1748 d
615 1682 836 1753 fundatoribus
858 1687 924 1754 suis
940 1686 1070 1773 uooepit,
1093 1688 1126 1751 et
1138 1682 1241 1767 longis
1255 1681 1459 1770 temporibus
1471 1682 1502 1746 iu

330 1796 434 1882 quieto
455 1801 488 1865 et
508 1815 587 1884 psoo
608 1801 758 1886 possedit,
781 1806 814 1869 et
827 1802 997 1870 sineomni
1010 1800 1089 1867 iuris
1105 1799 1214 1867 ordine
1226 1819 1286 1886 per
1300 1797 1501 1865 mmifestam

328 1911 511 1980 violentiam
533 1913 649 1982 emisit

417 2029 581 2115 Preteree,
608 2032 784 2100 muisstutis
806 2038 930 2102 uestrae
956 2031 1090 2121 pedibus
1117 2035 1150 2098 et
1175 2030 1281 2098 snimo
1309 2035 1345 2096 et
1372 2050 1503 2118 eorpore

330 2143 478 2230 advoluti,
501 2146 649 2214 iteratam
672 2149 901 2234 querimoniam
923 2149 963 2216 ed
978 2153 1102 2216 vestrae
1122 2145 1320 2214 eelsitudinis
1342 2167 1440 2214 sures
1455 2167 1502 2214 re·

328 2262 458 2330 ferimus
481 2261 520 2330 de
542 2263 697 2332 eooisione
720 2264 879 2332 Tbiderioi
900 2265 1024 2333 eomitis
1047 2264 1086 2332 de
1107 2263 1247 2347 fluxere,
1271 2262 1328 2348 qui
1349 2262 1387 2330 in
1409 2283 1501 2350 expe·

329 2378 448 2446 ditione
470 2383 577 2446 vestre
598 2379 709 2447 Ilelioe
733 2381 824 2449 nobis
846 2385 996 2449 strennue
1018 2401 1055 2448 eo
1075 2378 1210 2448 fideliter
1231 2379 1381 2460 servivit3
1411 2399 1502 2465 quem

329 2494 463 2562 domnus
485 2493 692 2564 Widekindus
720 2496 759 2564 de
783 2495 1010 2582 Snulenberob,
1039 2497 1200 2564 sedentem
1224 2497 1259 2563 in
1279 2493 1361 2561 iuris
1384 2494 1503 2562 ditione

329 2629 397 2695 sua,
420 2630 515 2696 quem
536 2609 760 2680 hereditoriam
782 2613 844 2680 sibi
866 2634 887 2680 e
907 2614 999 2680 nobis
1020 2613 1090 2681 iure
1104 2612 1292 2696 obtinuerat,
1314 2631 1417 2698 super
1431 2631 1503 2678 eon

329 2731 486 2794 secretum
520 2727 688 2796 aeoelesiee
719 2749 846 2796 murum
873 2729 1011 2817 propriis
1040 2728 1185 2797 menibus
1212 2747 1286 2796 oum
1312 2727 1503 2795 sutellin'bne

329 2841 396 2908 suis
416 2842 586 2910 interemit.

418 2958 551 3046 Insuper
571 2966 638 3027 tem
652 2979 709 3028 nos
725 2980 821 3048 quern
836 2981 944 3029 omnes
958 2961 1072 3029 nubes
1085 2961 1187 3028 nostri
1200 2959 1364 3048 potentiae
1377 2967 1504 3030 vestm

329 3071 475 3142 flebiliter
497 3076 727 3162 oonquerimur,
750 3077 833 3162 quod
855 3058 960 3144 eomes
982 3077 1022 3145 de
1041 3075 1264 3146 Tekeueburob
1287 3078 1371 3144 bone
1392 3085 1505 3146 nosue

330 3194 364 3257 et
383 3190 517 3258 bunum
539 3195 718 3260 nostrorum
741 3197 773 3260 et
793 3212 978 3280 pauperum,
1002 3193 1057 3280 qui
1071 3194 1111 3260 de
1124 3191 1274 3280 hospitali
1289 3194 1414 3280 vivunt
1439 3197 1505 3262 vie·

329 3305 430 3374 lenter
453 3307 632 3394 oooupevit3
656 3307 763 3375 volens
786 3328 845 3375 nos
866 3309 974 3396 predis
990 3315 1023 3376 et
1039 3309 1159 3398 rapinis
1174 3329 1354 3396 pemugere,
1376 3315 1420 3378 ut
1433 3332 1506 3399 pre»

330 3422 418 3490 dium
444 3421 616 3508 quoddam,
646 3423 730 3508 quod
751 3423 904 3493 eeoolesiu
926 3424 1123 3494 corbeiensis
1144 3425 1180 3492 in
1201 3430 1343 3513 tempore
1365 3433 1507 3512 quatuor

329 3539 587 3626 predeoessorum
613 3544 794 3608 nostrorum
819 3541 966 3610 abbatum
990 3542 1095 3628 quiete
1115 3541 1273 3630 possedit,
1300 3563 1358 3610 nos
1380 3543 1506 3630 ubsque

329 3654 397 3722 ullo
410 3654 516 3739 legum
530 3643 654 3722 ratione
668 3655 880 3740 dimittemus3
903 3678 976 3726 oum
988 3678 1047 3724 noe
1061 3658 1167 3745 puruti
1180 3658 1278 3726 simus
1293 3664 1327 3726 et
1338 3658 1371 3725 ei
1383 3660 1506 3728 multe

330 3771 415 3838 oiens
438 3769 658 3858 optulerimus,
683 3772 719 3838 in
741 3777 846 3841 vestro
868 3773 984 3841 iudicio
1006 3773 1074 3841 sive
1096 3773 1185 3841 dueis
1206 3774 1273 3842 eive
1293 3775 1423 3842 domitis
1447 3797 1506 3844 nos

330 3907 388 3974 pro
411 3887 521 3956 eodem
542 3887 652 3974 predio
669 3887 750 3956 vello
772 3895 858 3957 stare
880 3894 922 3975 et
945 3890 974 3958 si
994 3909 1053 3976 per
1072 3889 1176 3976 legem
1198 3889 1408 3976 omiserimus,
1434 3893 1505 3960 sine

329 4002 553 4090 impedimento
576 4002 596 4069 d
617 4003 816 4090 possessione
836 4004 992 4074 resedere.

401 4159 426 4214 1.
449 4157 638 4217 Wlohnenno.
744 4162 1180 4234 e.v.ep.441euprep.5'14,
1286 4163 1313 4219 lb
1336 4161 1502 4235 Philippum

329 4245 357 4300 4„
375 4247 443 4302 1157
462 4248 575 4306 lenio.
