3117 4859
333 257 399 326 446
667 277 816 327 wmaunr
836 275 1023 327 semrom
1042 276 1097 324 ara
1113 277 1167 326 arr.

333 417 443 487 cedere
464 417 618 487 rolumm.
659 417 748 497 Quod
772 423 877 486 autem
897 418 988 486 laicis
1007 419 1170 504 negotium
1195 419 1257 486 boc
1277 439 1338 507 per
1358 439 1420 488 nos
1440 439 1502 486 m

333 535 484 620 innotuit,
509 535 591 602 ratic
613 534 765 621 temporis
787 535 949 622 poposcit,
976 556 1018 604 ne
1039 537 1205 604 temerarie
1226 535 1325 604 solito
1344 534 1504 604 conlim-

332 651 396 718 tios
418 650 453 718 in
474 655 583 718 nostm
604 671 715 720 manus
736 653 905 737 inicerent,
932 672 973 720 ne
1001 650 1074 720 fidei
1102 658 1135 721 ct
1155 653 1356 722 constantiae
1378 659 1506 720 nom

332 767 367 834 in
389 766 493 854 aliquo
516 766 696 836 denubere·
718 774 858 856 possent,
880 791 921 838 ne
942 771 1024 838 itum
1037 768 1089 838 vel
1109 770 1248 836 reditum
1262 775 1411 837 veebum
1424 768 1462 836 in
1474 788 1508 836 se

332 883 503 952 consistere
524 884 713 952 iactitarent.
748 883 914 954 Orationes
937 891 1044 954 summ
1065 885 1106 954 ad
1119 885 1223 954 Deum
1245 905 1306 973 pro
1328 887 1463 970 magna
1478 891 1509 952 et

333 1000 488 1068 continuis
509 1001 666 1087 pressuris
688 1002 824 1087 nostris,
851 1008 884 1070 et
910 1007 947 1070 nt
971 1003 1063 1070 nobis
1090 1022 1201 1089 pacem
1227 1003 1346 1070 mentis
1377 1009 1415 1071 et
1443 1021 1510 1068 eor·

332 1116 419 1204 poris
441 1135 513 1185 cum
535 1117 650 1204 spiritu
671 1117 796 1186 consilii
815 1122 848 1185 et
861 1119 1056 1188 fortitudinis
1069 1119 1199 1203 tribuat,
1221 1120 1428 1186 incessanter
1441 1118 1510 1186 iun·

333 1231 447 1302 dimus.
498 1233 535 1300 lu
561 1252 639 1321 paco
668 1234 753 1302 enirn
778 1239 887 1304 neena
917 1241 1027 1304 nostra
1059 1236 1213 1305 consistit
1264 1234 1358 1302 Unde
1392 1235 1511 1302 iterun

332 1349 509 1435 iterumque
529 1350 744 1420 universitatis
765 1357 892 1422 notrae
914 1353 995 1439 petit
1015 1353 1123 1438 facies,
1144 1357 1191 1437 ut,
1212 1352 1349 1420 eroum
1364 1348 1510 1418 filiorum

333 1469 366 1534 et
379 1465 550 1533 amicorum
564 1470 741 1536 vestrorum
753 1487 920 1568 memores,
935 1469 1084 1538 ecclesiae
1101 1467 1281 1538 Stabulensi
1299 1468 1370 1534 iarn
1386 1467 1510 1536 labenti

333 1587 366 1650 et
385 1601 561 1670 pauperum
582 1583 671 1650 vobis
687 1583 927 1652 commissorum
940 1585 1135 1654 multimodis
1148 1584 1416 1652 tribulationibus
1439 1585 1510 1652 sub

332 1698 481 1783 venata,
504 1702 536 1766 et
556 1699 591 1768 io
612 1699 723 1768 ultimo
745 1700 942 1768 necessitatis
965 1702 1097 1770 articulo
1124 1702 1191 1772 ἰιιιιι
1216 1722 1299 1790 pene
1320 1701 1511 1770 constitutis

332 1814 456 1884 consilii
477 1819 510 1882 et
531 1815 641 1884 auxilii
661 1836 791 1884 manum
812 1837 877 1885 non
899 1818 1101 1886 subtrahatis.

335 2043 422 2116 317.
443 2045 595 2116 Παιήονα
621 2034 789 2116 monachor
812 2048 1002 2117 Stobolemie
1023 2050 1198 2118 wibaldum
1217 2061 1386 2138 precatur,
1420 2063 1460 2115 at
1479 2053 1509 2114 ιἰι

443 2166 576 2252 rependo
598 2168 782 2230 monasterio
807 2165 983 2232 Stobaleaee'
998 2177 1181 2253 perseveret.
1336 2162 1398 2244 (bl.
1417 2165 1510 2246 300)

420 2295 683 2364 Reverentissimo
710 2297 744 2364 in
772 2297 896 2365 Christo
924 2299 1010 2385 patri
1036 2319 1092 2366 suo
1120 2305 1154 2366 et
1179 2299 1303 2366 domiuo
1325 2295 1510 2380 Wsrbaldc)

332 2413 504 2480 omerabili
526 2412 704 2480 stabulensi
726 2411 834 2481 abbati
855 2413 1046 2499 H(enricus),
1069 2415 1217 2501 quioquid
1238 2415 1323 2501 patri
1342 2412 1451 2482 filius

420 2528 519 2614 Licet,
542 2535 632 2616 pater
655 2529 880 2614 amantissime,
902 2530 1092 2618 multiplices
1115 2532 1259 2618 querelae
1275 2536 1307 2598 et
1321 2531 1511 2599 cotidianae

333 2646 513 2714 vexationes
535 2665 710 2733 pauperum
732 2650 912 2713 nostrorum
932 2646 979 2714 ita
1000 2667 1055 2715 cor
1076 2653 1108 2715 et
1130 2649 1267 2716 animam
1288 2669 1393 2716 meam
1419 2673 1510 2718 m

332 2762 521 2830 ritudiuibus
549 2761 754 2849 repleverint,
783 2762 901 2830 utrix
929 2762 992 2830 alia
1019 2763 1130 2849 verba,
1159 2785 1254 2851 quam
1277 2787 1317 2832 re
1344 2772 1377 2834 et
1402 2789 1450 2834 ve
1477 2770 1510 2834 in

332 2883 437 2946 mente
459 2879 601 2962 habeam,
623 2884 730 2945 tannn
751 2879 879 2964 pictatis
900 2884 1024 2947 rosnae
1046 2881 1218 2948 sinceritati
1240 2901 1340 2968 pauca
1361 2884 1509 2951 scribere

333 2995 456 3080 curavi,
482 3014 545 3062 non
568 3015 629 3081 quo
652 2995 860 3063 eruditionem
880 3000 1018 3064 vestm
1040 3002 1096 3064 aut
1117 2998 1257 3066 animum
1278 3017 1407 3085 semper
1432 3021 1509 3086 pro·

332 3111 451 3195 vidum,
474 3130 598 3197 semper
619 3110 684 3177 alta
706 3113 892 3198 rapientem,
914 3113 1071 3180 instrucre
1090 3113 1262 3199 intendam,
1285 3119 1334 3181 set
1354 3119 1392 3180 ut
1408 3116 1508 3184 solim

333 3225 534 3314 simplicitate
548 3225 676 3293 fibulam
691 3227 888 3296 devotionem
903 3229 989 3315 patri
1001 3229 1169 3297 kanssimo
1184 3250 1309 3317 semper
1322 3230 1506 3300 exhibeam

332 3341 571 3412 Pretermittens
592 3344 699 3430 itaque
722 3345 862 3412 omnium
884 3346 1083 3431 questionum
1103 3346 1332 3434 propositiones
1354 3351 1387 3415 et
1406 3369 1507 3434 argu-

332 3463 510 3528 mentorum
535 3457 764 3546 conclusiones,
787 3482 867 3548 quae
891 3461 930 3529 dc
951 3468 1016 3530 acio
1039 3468 1072 3530 et
1091 3469 1194 3530 besem
1217 3468 1375 3530 connecte
1395 3463 1506 3550 snnt',

332 3580 484 3662 quantum
511 3575 693 3662 capacitatis
722 3595 791 3644 mee
818 3578 993 3662 intelligere
1021 3584 1127 3666 potest
1152 3579 1300 3662 tarditas,
1329 3600 1393 3647 non
1423 3583 1505 3650 ordo

331 3693 449 3780 poscit,
477 3711 541 3758 non
562 3691 670 3777 regola
692 3693 797 3779 dccet,
824 3714 889 3762 non
910 3695 1088 3762 obedientia
1108 3696 1258 3783 precipit,
1284 3697 1423 3764 nonius
1449 3705 1506 3764 aet

331 3807 383 3876 lex
407 3809 609 3894 demonstrat,
633 3815 668 3878 ut
689 3815 780 3897 pater
801 3808 883 3878 lilios
905 3811 1085 3879 obedientes
1104 3811 1237 3896 abdicet,
1258 3815 1295 3878 ut
1308 3819 1411 3880 mater
1426 3813 1505 3882 liliis

332 3929 473 4012 tempore
495 3925 690 3993 necessitatis
712 3925 810 3994 ubera
831 3926 1004 4012 subtrahat,
1027 3932 1063 3994 ut
1084 3927 1183 3995 bonus
1204 3934 1314 4014 pastor
1335 3950 1409 3997 oves
1424 3949 1504 3997 ecn-

332 4047 476 4128 gregatas
509 4041 620 4110 abonis
652 4041 734 4110 male
761 4043 960 4131 dissipandas
986 4043 1151 4130 relinquat
1201 4043 1310 4130 Neque
1338 4045 1423 4112 enim
1452 4053 1504 4114 em

332 4163 442 4226 contra
462 4158 597 4228 saluom
619 4159 795 4228 animarum
817 4160 883 4228 eive
902 4165 1011 4230 contm
1024 4159 1224 4228 dilectiomm
1237 4159 1299 4230 Dei
1313 4167 1347 4229 ot
1360 4163 1501 4249 proximi

404 4313 424 4347 a
446 4299 580 4349 detbrabere
596 4319 616 4348 e.

404 4389 429 4441 l.
446 4386 481 4443 V.
500 4403 563 4458 epp.
576 4389 629 4444 313
641 4391 670 4444 et
681 4387 733 4444 315
750 4403 835 4458 snpra
852 4404 879 4459 p.
892 4389 945 4444 442
956 4394 986 4446 et
996 4390 1059 4445 444.
