3117 4859
390 289 538 339 vannum
558 287 746 339 nemnem
767 285 891 335 ro1.1es.
1155 270 1222 337 269

57 436 111 515 est,
133 436 172 497 ut
192 430 385 499 subveniatis
402 450 563 519 oppresso,
586 450 627 499 ne
640 430 732 515 forte,
755 429 898 497 desertus
916 449 936 494 a
951 429 1168 497 miserieordia
1189 436 1222 497 et
1239 434 1310 491 lua

55 546 189 630 imfieie,
212 548 374 635 suppremi
395 548 508 615 iudieis
531 547 730 615 elementiam
751 550 882 630 cogatur
902 545 1072 633 inplorare.

142 662 193 731 Da
207 663 300 731 rebus
315 684 389 731 vero
404 663 638 731 Kamiuatensis
654 662 824 731 aoeelesiae
838 667 977 729 vostram
996 661 1223 745 benignitatem

54 778 171 847 iterum
185 785 279 866 etque
293 781 410 847 iterum
424 800 582 865 regemne,
602 784 648 863 ut,
664 778 748 865 quod
762 783 868 845 vestro
882 778 1097 864 predecessori
1110 777 1222 860 111111-

55 894 155 976 berto)
172 894 273 963 bonae
295 898 465 965 memoriae
487 896 721 983 arehiepiseopo
745 915 765 962 a
786 894 901 963 domne
923 915 1009 981 papa
1029 901 1097 962 tam
1118 894 1222 962 verbis

55 1032 148 1097 quam
162 1011 279 1079 litteris
289 1008 296 1039 ¹
306 1014 483 1081 immotum
494 1018 551 1097 oet,
567 1032 623 1081 vos
634 1013 668 1079 in
678 1011 902 1099 parrochianos
912 1016 1046 1095 vestros,
1061 1011 1116 1097 qui
1126 1011 1222 1077 etiam

52 1128 150 1193 vestm
173 1128 396 1197 ministeriales
419 1128 451 1197 et
472 1129 614 1195 homines
638 1134 722 1213 sunt,
744 1127 895 1215 prosequi
914 1146 980 1195 nen
999 1126 1221 1212 dedignemini.

141 1241 334 1331 Seripsimus
360 1266 419 1333 pro
447 1264 543 1313 aalma
570 1249 677 1313 vestra
704 1244 820 1341 domno
852 1238 1068 1328 oaueellarie',
1095 1248 1222 1329 petente

54 1360 215 1447 preposito
237 1364 342 1430 vestro
358 1360 558 1445 H(artuvieo);
581 1363 616 1427 in
639 1360 751 1448 quibus
772 1360 889 1429 litteris
909 1366 1037 1427 nestrae
1059 1359 1144 1427 eirea
1166 1380 1222 1427 vos

55 1474 230 1544 devotionis
253 1476 382 1545 effeetus
404 1479 482 1545 satis
503 1478 662 1565 apparuit.

59 1706 322 1777 1611111111
357 1709 519 1777 Frideriro
556 1711 661 1775 edbert
693 1708 726 1775 S.
757 1708 939 1775 Gedeberde'
969 1706 1225 1775 fflldesdeimenee‘

164 1826 285 1906 residit,
314 1848 362 1907 ee,
389 1828 424 1891 e'ss
446 1825 685 1912 Letdass'eps'em
708 1835 866 1906 saraam,
897 1823 1057 1890 Sabostius
1079 1826 1225 1891 assam

165 1952 330 2007 torrem
352 1944 539 2029 partieipem
558 1965 622 2005 seeo
643 1940 726 2029 sore.
772 1942 922 2023 Adoneus,
946 1942 1107 2029 repulsum
1129 1942 1225 2007 edbo-

165 2068 228 2123 tem
249 2058 529 2147 Roemseldeum,
553 2058 751 2123 resumendae.
1062 2053 1117 2138 (ll
1137 2055 1224 2137 150.)

140 2188 325 2257 Reverendo
354 2190 438 2276 patri
467 2210 523 2255 suo
546 2188 731 2271 F(1iderieo)
754 2188 925 2256 venerabili
947 2188 1055 2257 abbati
1075 2189 1225 2257 eeclesiae
1242 2199 1312 2254 1119

56 2304 137 2372 beati
166 2304 349 2373 Godebardi
374 2306 473 2373 frater
495 2304 680 2388 Wfibaldus)
707 2305 769 2373 Dei
796 2306 900 2390 gratia
926 2305 973 2389 id,
1002 2306 1085 2390 qued
1113 2312 1163 2372 est
1190 2306 1224 2372 in

56 2422 207 2489 aecelesia
228 2421 390 2506 catholiea
414 2423 544 2506 exiguas
567 2423 723 2490 orationes
747 2428 778 2489 et
799 2423 947 2489 devotum
969 2422 1142 2489 servitium.

140 2536 250 2605 Letati
272 2558 380 2605 sumus
402 2540 436 2605 in
459 2538 518 2624 his,
542 2558 621 2625 qnae
643 2539 729 2605 diota
749 2543 825 2605 sunt
842 2538 944 2622 uobis,
967 2538 1051 2622 qued
1064 2537 1224 2605 karissimi

56 2659 159 2741 patres
191 2660 224 2721 et
251 2652 370 2721 domiui
392 2656 508 2739 nostri,
536 2655 665 2723 abbates
687 2654 835 2721 videlieet
857 2654 1028 2739 Senoniae,
1057 2654 1225 2721 convenire

57 2772 174 2856 pariter
197 2770 369 2857 disponunt
392 2776 423 2839 et
445 2771 484 2839 de
506 2772 556 2839 his
577 2771 671 2839 rebus
693 2771 833 2858 pressius
856 2776 889 2837 et
904 2770 1075 2838 studiosius
1088 2775 1225 2837 traetere

57 2891 87 2952 et
108 2887 271 2970 ordinare,
301 2906 382 2973 quae
404 2888 444 2953 ed
465 2888 550 2955 vitae
571 2893 698 2955 nostrae
721 2888 944 2955 eorrectionem
966 2893 999 2954 et
1019 2888 1225 2954 monasterio-

57 3022 123 3069 rum
156 3008 340 3071 nestrorum
374 3004 573 3091 disoiplinsm
606 3006 765 3091 pertinere
797 3008 978 3071 nosountur.
1029 3003 1089 3071 (lui
1116 3010 1224 3071 sanem

57 3120 222 3187 eonventui
244 3139 312 3203 nos,
336 3119 476 3186 omnium
499 3120 632 3187 extremi
653 3118 773 3203 famuli
797 3122 936 3204 gratanti
953 3120 1057 3186 animo
1071 3121 1224 3187 interesse

58 3234 305 3303 desideraremus
334 3240 365 3304 et
392 3256 499 3303 eorum
527 3242 656 3323 aspeotu
679 3242 772 3323 atque
794 3235 948 3320 eolloquio
970 3237 1026 3303 diu
1047 3236 1225 3303 desiderato

58 3353 187 3438 pertrui,
208 3353 272 3419 nisi
286 3352 380 3438 quod,
396 3353 582 3438 quibusdum
597 3354 680 3420 omis
694 3352 978 3440 interpellantibus,
993 3374 1103 3420 versus
1117 3358 1225 3440 partes

58 3466 280 3554 botharingiae
301 3488 384 3535 nuno
399 3488 575 3537 avooamnr.
621 3470 735 3537 Aderit
755 3469 845 3537 vobis
868 3468 1005 3556 Spiritus
1027 3476 1170 3552 sanetus3
1193 3476 1226 3537 ot

58 3605 122 3671 uos,
144 3586 310 3654 vobisoum
332 3590 437 3653 mente
460 3586 675 3670 metuentes,
699 3584 739 3651 ad
757 3582 903 3653 effoetum
915 3586 1088 3672 perdueere
1101 3586 1225 3653 omnbi-

60 3722 140 3789 nus,
171 3722 375 3789 quaeeunque
402 3702 443 3769 ad
472 3702 615 3770 deeorem
643 3701 754 3769 domus
776 3700 838 3769 Dei
864 3702 974 3769 eodem
998 3702 1171 3770 mediatore
1193 3707 1226 3769 et

61 3825 184 3887 auotme
205 3818 434 3887 ordinaveritis.
508 3818 595 3886 luter
616 3822 741 3886 caetera
761 3817 810 3884 illi
830 3816 915 3885 male
934 3818 1048 3885 fortius
1062 3838 1225 3885 ooomron·

61 3934 131 4003 dum
153 3936 225 4019 erit,
248 3936 331 4021 quod
350 3930 630 4003 Hersoveldenses'
644 3932 790 4001 monaehi
807 3934 939 4002 flauam
952 3940 1106 4019 nestrum,
1130 3933 1225 4001 abba·

63 4054 122 4119 tem
143 4048 262 4135 snum‘‚
289 4051 328 4119 de
350 4050 487 4120 elaustro
511 4052 603 4119 etde
626 4051 752 4119 abbatia
774 4070 833 4117 sua
853 4050 1056 4139 expulerunt3
1085 4055 1118 4117 ot
1137 4049 1226 4117 nulle

62 4164 191 4235 ineum
218 4167 402 4237 iudiciariae
431 4168 563 4237 sotionis
593 4168 702 4235 ordine
729 4166 901 4252 oelebrato,
929 4168 1018 4254 prins
1044 4166 1171 4233 exulare
1193 4172 1226 4233 ot

128 4308 154 4364 1.
177 4308 212 4365 V.
230 4323 273 4378 ep.
288 4308 323 4363 83
346 4322 431 4378 supra
453 4324 481 4378 p.
496 4307 556 4363 167.
632 4310 657 4363 2.
683 4307 774 4377 papali
798 4307 926 4365 (luidoni
955 4306 990 4362 V.
1008 4320 1053 4376 ep.
1067 4307 1120 4363 160
1142 4322 1226 4377 supra

64 4396 157 4462 emto.
229 4398 256 4453 3.
274 4413 297 4453 s.
310 4396 547 4454 Rosonleldenees.
618 4397 643 4452 4.
663 4396 800 4455 Adonem.
