3117 4859
333 263 403 334 500
711 281 862 330 wmsnm
881 280 1046 332 mussona
1067 281 1122 328 ers.

237 431 308 488 1152
334 446 427 495 sensu
454 443 527 493 cum
553 423 700 493 benivola
727 423 838 512 populi
866 423 1090 496 acclamatione
1115 425 1150 492 in
1172 423 1289 512 oppido
1311 423 1495 511 Aquisgrasi

228 505 317 554 m
332 564 391 611 nes
419 561 477 630 per
505 542 736 610 sacratissimas
764 540 871 610 devoti
902 539 962 608 lilii
994 542 1092 608 resti
1118 540 1279 624 A(moldi)
1309 539 1495 608 &bulensis

333 657 568 746 metropolitani
591 662 622 724 et
643 657 869 725 venerabilium
892 658 1111 746 episcoporum
1133 677 1245 726 manus
1273 656 1345 724 oleo
1365 656 1496 725 sancti·

333 775 466 844 catiems
493 773 642 859 regaliter
668 779 829 842 unxerunt
856 779 889 840 et
916 774 951 842 in
979 773 1058 841 solie
1079 774 1170 860 regni
1190 793 1263 842 eum
1284 773 1496 842 benedictione
1556 806 1557 835 r

333 891 500 980 sollempni
519 890 758 959 collocaverunt
792 890 858 958 Nos
872 909 948 958 vero
969 890 1004 956 in
1023 890 1249 978 multiplicibus
1271 892 1381 977 regiae
1401 891 1497 976 digni-

331 1009 408 1076 tatis
430 1007 638 1092 ornamentis,
666 1007 778 1094 quibus
806 1006 925 1094 partim
951 1027 1009 1094 per
1035 1006 1188 1076 laicorum
1208 1009 1393 1096 principum
1413 1007 1497 1075 obse·

332 1126 408 1211 quia
427 1124 545 1213 partim
566 1145 625 1211 per
645 1124 835 1192 reverendas
856 1121 1040 1212 pontificum
1066 1123 1299 1192 benedictiones
1322 1125 1432 1192 vestiti
1450 1145 1497 1190 su-

332 1261 413 1326 mus,
436 1241 558 1326 regium
581 1241 721 1308 uuimum
742 1240 913 1325 induimus,
935 1244 1003 1307 totu
1021 1241 1139 1307 mentis
1152 1240 1270 1308 uirtute
1291 1241 1495 1322 intendentes,
1555 1260 1557 1341 p

187 1411 193 1418 .
332 1362 369 1423 ut
389 1357 480 1425 iuxta
497 1357 701 1444 professionis
716 1363 844 1425 nostrae
857 1355 1037 1441 formulam,
1059 1376 1155 1442 quam
1169 1357 1210 1425 ab
1224 1357 1410 1426 orthodoxis
1431 1378 1497 1446 pre
1556 1358 1557 1365 ’

332 1473 453 1542 salibus
474 1473 510 1541 in
531 1473 601 1561 ipso
623 1474 713 1560 regni
734 1473 849 1541 throno
877 1478 909 1540 et
929 1474 1076 1542 motione
1104 1493 1194 1542 sacra
1220 1475 1418 1562 accepimus:
1446 1473 1496 1541 bo

332 1609 442 1658 norem
455 1589 545 1658 robis
561 1595 594 1658 et
607 1590 817 1674 dilectionem,
833 1593 866 1658 et
879 1595 1096 1658 sacrosanctae
1110 1591 1206 1658 matri
1219 1597 1328 1658 nostre
1341 1591 1497 1658 Romanae

333 1705 501 1775 semlesiae
524 1711 556 1774 et
570 1707 714 1776 omnibus
730 1706 948 1774 ecclesiusticis
962 1707 1106 1795 personis
1119 1712 1301 1796 promptam
1316 1712 1349 1775 et
1363 1708 1496 1776 debitum

332 1823 490 1892 iusticiam
513 1842 550 1890 ac
570 1822 784 1892 defensionem
807 1822 1020 1911 exhibeamus,
1042 1824 1146 1891 viduis
1168 1807 1206 1891 ac
1225 1823 1359 1912 pupillis
1384 1829 1418 1892 et
1432 1825 1497 1891 uui-

331 1960 422 2007 serso
444 1939 561 2028 populo
582 1939 673 2008 nobis
695 1941 862 2008 commisso
883 1939 986 2026 legem
1013 1945 1046 2010 et
1066 1959 1177 2027 pacem
1197 1940 1353 2009 faciamus
1375 1945 1410 2008 et
1429 1960 1497 2009 ceu·
1556 1974 1557 1993 κ

332 2074 502 2124 curemus.
1556 2146 1557 2151 Ἰ

420 2170 501 2239 (lum
515 2171 599 2240 enim
616 2171 677 2240 duo
693 2171 767 2258 sint,
791 2172 905 2259 quibus
921 2171 1139 2260 principaliter
1153 2171 1204 2240 bic
1217 2172 1355 2240 mundus
1370 2175 1496 2259 regitur,
1556 2188 1557 2201 ¹

324 2287 477 2356 uidelicet
499 2287 668 2356 auotoritas
691 2307 783 2356 sacra
804 2287 987 2376 pontificum
1010 2293 1042 2356 et
1054 2287 1170 2373 regalis
1183 2293 1337 2376 potestas,
1359 2291 1497 2358 omniun
1556 2318 1557 2391 3

331 2403 449 2472 Christi
477 2405 674 2474 sacerdotum
704 2405 919 2474 oboedientiae
946 2404 1053 2474 devoti
1080 2404 1163 2472 colla
1188 2404 1377 2474 submittere
1399 2407 1497 2495 parati
1555 2394 1557 2459 Γ

331 2541 450 2607 sumus,
473 2525 510 2590 ut
531 2521 670 2609 propitia
692 2521 857 2589 diuinitate
878 2522 1073 2609 temporibus
1094 2522 1196 2589 nostri
1217 2522 1421 2610 principatus
1434 2543 1497 2590 rer·
1555 2512 1556 2557 3

331 2638 406 2706 bum
429 2637 490 2706 Dei
513 2636 659 2725 expedite
681 2658 808 2706 currere
828 2657 893 2705 non
914 2638 1118 2724 prohibeatur
1146 2644 1179 2706 et
1203 2643 1355 2725 paternas
1376 2640 1496 2726 regulus

332 2775 368 2822 ac
391 2754 518 2823 decreta
547 2754 754 2822 sanctissimis
782 2754 919 2822 diffinita
944 2753 1085 2822 conciliis
1112 2753 1217 2822 nullus
1246 2755 1363 2823 audeat
1384 2756 1497 2844 absque

330 2892 431 2960 penae
453 2871 607 2957 gravioris
631 2870 770 2937 vindicta
791 2870 926 2954 violare;
954 2871 1102 2958 quatinus
1129 2891 1188 2959 per
1208 2871 1306 2938 studii
1327 2875 1433 2941 nostri
1454 2875 1496 2940 in·

330 2989 481 3056 stantiam
510 2987 663 3056 catholica
691 2986 824 3070 ecclesia
850 3007 927 3054 suae
948 2987 1110 3073 dignitatis
1139 2986 1313 3075 privilegiis
1335 2988 1496 3058 decoretur

331 3109 363 3172 et
376 3103 511 3172 Romani
532 3104 660 3192 imperii
682 3101 835 3171 celsitudo
852 3104 886 3169 in
905 3104 1076 3190 pristinum
1095 3124 1170 3172 suae
1184 3103 1392 3172 excellentiae
1406 3105 1496 3174 robur

329 3217 398 3288 Dee
421 3220 590 3289 adiurante
611 3220 809 3288 reformetur.

418 3334 462 3403 Et
484 3337 632 3424 quonium
654 3336 858 3404 beatitudinis
881 3340 1005 3403 vestae
1026 3336 1167 3404 animum
1193 3336 1233 3404 de
1255 3336 1344 3404 obitu
1365 3335 1497 3425 predict

331 3452 524 3521 serenissimi
547 3454 699 3542 principis
726 3453 842 3520 scimus
871 3472 935 3519 non
961 3453 1120 3522 immerito
1147 3453 1383 3542 perturbatum,
1411 3454 1496 3521 robis

330 3571 493 3656 tamquam
514 3571 600 3659 patri
627 3570 797 3638 karissimo
823 3574 1004 3638 constanter
1029 3570 1259 3658 promittimus,
1287 3571 1392 3658 quod,
1421 3571 1497 3638 sicut

331 3685 432 3753 eidem
455 3685 592 3771 glorioso
607 3688 764 3774 quendam
780 3686 849 3771 regi
861 3685 896 3752 iu
910 3686 1001 3771 regni
1015 3686 1094 3754 solio
1109 3687 1326 3772 summimus,
1349 3687 1397 3755 ita
1411 3687 1495 3754 lucre

331 3802 480 3871 ditarim
496 3802 695 3872 dilectionem
716 3809 783 3872 tum
797 3803 839 3870 ad
852 3808 992 3870 vestram
1005 3823 1174 3890 personam
1188 3805 1314 3871 omnino
1329 3803 1494 3892 specialem

331 3939 426 4005 quam
449 3919 489 3986 ad
511 3927 727 3989 sacrosanctae
749 3920 861 3988 matris
883 3925 1009 3988 nostae
1023 3919 1183 3988 Romanae
1202 3920 1372 3990 aecclesiae
1391 3939 1493 4008 prorn-

330 4035 510 4122 ptissimum
533 4057 570 4104 ae
585 4037 822 4106 devotissimam
836 4035 1051 4104 defensionem
1064 4037 1275 4124 suscepimus3
1297 4037 1360 4106 hac
1380 4037 1495 4106 scilieet

331 4152 450 4220 ordinis
473 4153 605 4240 ratione,
628 4159 674 4239 ut,
699 4172 913 4241 quaecumque
928 4152 968 4219 ad
982 4153 1201 4221 liberationem
1216 4159 1248 4221 et
1261 4153 1493 4221 honorationem
1552 4216 1553 4237 2

332 4268 523 4360 spostolicae
546 4269 629 4338 sedis
651 4269 832 4337 intenderat
853 4275 886 4338 et
907 4270 1125 4356 ordinaverat,
1146 4290 1205 4339 nos
1227 4276 1407 4339 constanter
1426 4291 1491 4358 per·
1551 4294 1552 4297 ¹

330 4383 422 4454 licere
445 4385 638 4472 studeamus,
660 4388 708 4456 itu
728 4392 774 4475 ut,
797 4386 888 4457 iuxta
901 4386 1025 4457 felicem
1040 4387 1081 4454 ad
1095 4390 1239 4456 sanetum
1252 4388 1359 4456 virum
1370 4382 1491 4456 Domini
