3117 4859
497 244 713 297 murmuro
735 244 851 295 surm
1215 226 1256 295 lb

85 388 121 457 11
140 406 273 477 oorpara
295 388 429 475 quievit,
457 388 542 475 quod
564 410 584 455 a
604 394 773 479 tempora·‚
796 408 858 475 quo
879 388 950 476 ipso
970 387 1006 455 in
1026 384 1095 455 loeo
1117 387 1258 476 podtnm
1299 390 1354 447 ⁸¹⁶

85 504 200 590 luerat,
222 524 384 592 nunquam
405 505 451 573 ibi
472 510 675 594 tempestates
697 511 752 573 aut
772 504 899 590 fulgura
918 503 1129 573 nocuissent!

175 621 243 691 Hoo
265 640 378 711 eorpus
400 624 502 689 saneti
516 621 584 691 Viti
604 642 720 709 magna
741 642 814 689 oum
834 621 1035 689 ueneratione
1056 625 1090 689 et
1107 618 1258 689 testifica·
1272 632 1339 681 lm
1348 633 1378 681 1⁹

84 739 173 807 b'one
194 738 356 823 religionis
378 738 418 809 ab
435 738 614 807 Hildnuino
636 736 810 807 venarabili
832 738 945 806 abbate
959 736 1087 805 Warino
1108 736 1258 823 religioso

82 856 194 947 'abbati
214 856 249 923 in
272 855 402 925 ooolesia
416 856 518 923 saneti
532 855 678 943 Dionysii
692 874 798 923 eoram
812 853 1035 923 innumerabili
1055 854 1258 923 multitudine
1376 906 1379 912 .

83 972 291 1061 populorum,
319 977 386 1041 tam
412 970 637 1039 monaoborum
665 992 759 1058 quam
788 971 1025 1056 mensorum,
1051 971 1195 1039 uirorum
1220 990 1259 1039 ao

83 1088 264 1173 mulierum,
286 1094 359 1177 post
379 1093 508 1176 peraeta
530 1088 581 1155 dia
601 1088 757 1155 dominico
771 1089 941 1156 missarum
957 1087 1123 1157 sollemnia
1136 1089 1258 1157 daeimo

84 1210 199 1291 quarto
225 1204 438 1273 Kalendarum
464 1204 625 1293 Aprilium
657 1205 910 1273 commandatum
943 1224 981 1273 ae
1013 1206 1166 1273 traditum
1198 1212 1257 1274 ast

84 1320 268 1410 Susoipiens
292 1326 398 1391 111111
419 1340 532 1410 eorpus
555 1322 656 1389 saneti
671 1320 738 1389 Viti
758 1321 924 1406 religiosus
938 1322 989 1389 uir
1003 1321 1151 1390 warinus
1166 1322 1258 1409 abba,

82 1436 204 1507 babens
227 1456 335 1507 seeum
356 1438 482 1507 turbam
502 1438 662 1526 eopiosam
685 1442 752 1505 tam
773 1457 903 1505 suorum
916 1438 1141 1507 monachorum
1162 1459 1259 1526 quam

83 1552 221 1621 aliorum
243 1554 394 1641 virorum,
417 1575 489 1623 oum
511 1575 635 1623 summa
655 1555 856 1623 veneratione
879 1561 911 1622 et
933 1560 1047 1622 ornatu
1062 1561 1158 1642 atque
1171 1555 1259 1623 omni

82 1669 198 1739 deeora
228 1670 360 1739 eeclesia
386 1670 479 1756 exiit,
506 1676 573 1740 tem
601 1672 670 1760 ipse
698 1676 731 1739 et
759 1672 810 1739 sui
838 1690 934 1757 quam
955 1671 1154 1740 Hilduwinus
1176 1672 1260 1741 abba

83 1806 158 1855 eum
181 1787 249 1855 suis
270 1788 432 1855 manualia
459 1792 492 1855 at
519 1787 620 1856 omnis
642 1786 778 1875 populus
802 1788 857 1874 qui
878 1786 919 1855 ad
940 1787 1025 1855 diem
1045 1788 1162 1856 festum
1183 1808 1258 1857 oon·

83 1908 233 1988 venerat,
263 1924 283 1971 a
310 1904 501 1973 monastario
529 1904 632 1973 saneti
653 1903 801 1991 Dionysii
826 1904 888 1971 iter
915 1905 1047 1973 tendam
1074 1906 1258 1973 monasterii

82 2018 293 2089 Rmbaoensis
321 2026 526 2107 cognomento
549 2020 756 2089 Hierusalem.
803 2019 865 2088 Ubi
889 2022 1077 2108 perveniens
1097 2042 1171 2090 oum
1192 2023 1259 2089 suis

83 2136 248 2221 omnibus,
272 2141 304 2204 et
326 2136 427 2205 multa
447 2138 541 2211 turba
562 2136 672 2225 populi
694 2137 874 2221 eomitante,
899 2136 1069 2206 honorilice
1090 2139 1260 2207 eustodirit

82 2252 156 2341 ipso
179 2253 213 2321 11
234 2253 303 2321 looo
326 2272 439 2341 oorpus
461 2254 563 2321 semoti
583 2253 650 2321 Viti
672 2254 822 2342 martyris
850 2274 951 2341 usqua
976 2255 1012 2322 in
1036 2256 1122 2324 diem
1142 2256 1259 2323 dnode-
1275 2264 1366 2311 11ιί11

82 2370 204 2437 nimum
223 2368 380 2437 Kalendas
401 2368 510 2437 Iunii⁰.
544 2369 686 2439 Virtutes
709 2370 844 2456 denique
863 2375 896 2437 et
918 2372 1079 2456 sanitates,
1102 2392 1180 2459 quaa
1193 2372 1259 2439 Do·

82 2486 191 2553 minus
219 2485 341 2553 maritis
369 2490 402 2553 at
425 2486 571 2574 praeibas
593 2488 743 2575 martyris
767 2486 848 2571 Viti,
877 2492 1046 2573 antequam
1073 2488 1114 2555 ad
1139 2508 1259 2555 mamo-

82 2608 192 2669 ratum
214 2602 439 2671 monasterium
460 2602 688 2691 pervenissent
712 2608 859 2691 operatus
877 2609 936 2689 est,
959 2604 1039 2672 seira
1061 2604 1260 2692 cupientibus

82 2718 248 2787 insinuare
269 2718 473 2787 ourovinmt.

176 2834 277 2919 Igitur
303 2834 423 2903 foetum
448 2840 512 2921 est,
541 2854 613 2901 oum
636 2836 859 2921 egrederentur
881 2856 921 2903 ex
942 2836 1133 2904 monasterio
1155 2837 1259 2903 saneti
1275 2851 1380 2900 unsre

82 2952 235 3041 Dionysii
256 2952 398 3039 praefato
421 2952 472 3019 die
495 2951 662 3037 dominius,
686 2958 718 3021 et
739 2952 804 3021 illis
825 2953 887 3019 iter
908 2952 1073 3038 agentibus
1087 2952 1259 3039 multisque

1 3158 2 3163 Ἰ
84 3090 126 3139 ax
149 3068 263 3137 vioinis
284 3069 362 3137 loeis
384 3069 486 3137 turbis
504 3066 742 3154 confluentibus,
765 3090 885 3154 omnes,
908 3070 963 3155 qui
978 3070 1087 3137 audire
1100 3075 1258 3158 poterant,

83 3186 214 3255 obuiam
237 3190 345 3253 saneto
367 3186 501 3273 martyri
523 3205 594 3252 oum
617 3206 740 3253 summa
761 3185 962 3254 festinatione
985 3206 1111 3255 currere
1131 3191 1259 3255 eontan-
1347 3195 1351 3204 '

83 3303 215 3373 debant
249 3302 391 3389 Cumque
413 3322 453 3370 ex
475 3301 608 3369 diversis
630 3301 708 3369 loeis
722 3301 854 3390 plurimi
868 3304 1071 3371 eonvenirent
1085 3308 1118 3371 et
1133 3303 1259 3371 obviam

84 3424 197 3487 saneto
220 3420 354 3506 martyri
375 3424 592 3507 properarent,
616 3419 739 3504 aooidit,
763 3424 800 3485 ut
821 3420 976 3505 quaedam
997 3419 1111 3487 mulier
1131 3419 1259 3488 nomina

7 3608 12 3615 W
83 3534 321 3620 bmingardis⁰‚
351 3555 431 3621 quae
463 3536 528 3602 iam
561 3535 601 3603 ab
632 3535 723 3601 annis
751 3534 916 3628 duodecim
943 3535 1104 3605 oculorum
1132 3536 1262 3605 carebat

83 3650 171 3737 usu',
195 3651 338 3719 11111111Ι
359 3650 551 3738 procederet.
597 3650 679 3719 Prae
705 3652 909 3721 multitudine
936 3657 1042 3721 autern
1062 3652 1174 3721 turbae
1194 3672 1260 3719 non

85 3768 197 3837 valens
221 3766 261 3835 ad
284 3767 444 3852 feretrum
467 3768 502 3835 in
525 3788 585 3853 qno
608 3772 736 3836 sanotae
757 3769 910 3855 reliquiae
929 3769 1147 3857 portabantur,
1171 3786 1259 3837 aete-

1 3876 2 3883 '
83 3884 173 3971 dere,
199 3884 317 3952 uirtute
340 3904 403 3970 qua
424 3884 550 3970 quibat¹¹
572 3889 645 3973 post
666 3886 772 3974 ipsum
793 3886 987 3973 pedetentim
1008 3886 1112 3974 eoepit
1133 3905 1260 3953 euenere

1 4074 2 4099 ζ
84 4006 119 4071 11
142 4000 206 4069 Dei
226 3999 490 4085 misericordiam,
519 4005 556 4068 nt
577 4001 666 4068 norit
687 4022 827 4090 semper,
849 4008 955 4071 mente
977 4007 1009 4070 et
1030 4023 1085 4070 ore
1106 4022 1171 4069 non
1191 4022 1260 4069 oes-

1 4210 2 4215 Ὶ
83 4116 180 4185 sabat
201 4116 358 4204 11111111,
381 4121 418 4184 11
438 4116 500 4184 sibi
522 4116 631 4185 diuina
652 4116 819 4187 elementia
838 4140 898 4207 per
916 4118 1066 4207 martyris
1081 4118 1131 4185 sui
1144 4118 1260 4186 merita

158 4294 403 4357 aquodatampore
418 4297 494 4344 ml.
552 4295 575 4343 b.
590 4296 697 4345 noouiase
713 4300 735 4347 1.
792 4298 951 4346 11111111.
1007 4298 1150 4344 dintimsra
1166 4298 1258 4356 dignum

87 4375 267 4426 duxlmnsm.
322 4376 516 4435 alrrnyardisl.
571 4376 788 4427 1111111111.
842 4378 985 4437 sobriat.
1036 4376 1205 4439 bootantl.
