3117 4859
336 248 402 317 256
673 266 823 315 wmsumr
843 264 1029 316 nnmnonsn
1049 264 1103 313 ιιι.
1118 263 1171 312 1sr.

248 414 317 472 1149
334 408 465 497 capituli
485 410 586 477 nemci
606 409 671 477 iam
693 408 764 496 plus
788 429 883 495 quam
903 410 1002 477 tercio
1023 408 1230 491 commonuit;
1252 426 1312 475 nec
1333 411 1433 473 amen
1450 404 1484 473 dc

334 526 517 612 fatigatione
543 530 652 594 nostra
676 531 750 614 post
778 526 1052 594 commonitionem
1079 526 1222 592 meavit„
1271 513 1326 591 Ex
1352 521 1485 589 manao

335 664 409 728 ergo
443 644 550 710 domni
581 662 684 731 papae
711 644 847 729 astricti,
881 662 953 710 eum
980 643 1015 709 in
1042 642 1197 709 consortio
1223 646 1334 707 nocuo
1359 640 1488 726 recipere

334 780 397 828 non
426 762 652 847 presumimus,
679 760 827 847 quoniam
854 760 994 827 incidere
1020 760 1056 826 in
1082 779 1194 825 manus
1215 758 1324 826 domni
1345 760 1489 843 papaeet

334 876 453 945 similes
486 876 678 945 inobedienti
706 878 841 945 existere
869 898 926 964 per
953 883 1094 945 nostram
1120 876 1367 944 inobedientiam
1391 872 1489 940 tormi-

334 994 454 1061 damus.
550 993 756 1062 obsecramus
782 994 890 1079 itaque
917 994 1140 1081 paternitatem
1168 998 1321 1078 restam,
1354 1012 1397 1059 ne
1421 990 1490 1057 dure

334 1111 505 1198 accipiatis,
530 1110 614 1197 quod
634 1112 669 1177 in
690 1111 870 1198 receptione
892 1111 959 1178 eius
974 1114 1097 1177 vetrae
1117 1110 1268 1197 peticioni
1283 1129 1422 1177 annuere
1434 1127 1492 1175 non

334 1228 488 1313 valemus,
519 1228 593 1313 quia
615 1246 724 1294 causas
747 1226 1010 1314 impossibilitatis
1032 1232 1174 1312 nostrae,
1202 1232 1319 1313 quanto
1339 1226 1491 1314 potuimus

334 1344 474 1429 brevius,
497 1350 619 1411 reatae
643 1344 824 1411 discretioni
846 1345 1054 1427 ostendimus3
1078 1364 1157 1430 quas
1179 1344 1349 1412 secundum
1371 1342 1492 1409 insitam

333 1461 423 1529 robis
449 1461 650 1548 prudentiam
678 1461 918 1546 considerando,
945 1462 981 1527 iu
1004 1460 1108 1545 gratia
1129 1465 1235 1528 vosne
1255 1480 1313 1527 noe
1335 1464 1492 1527 excusatos

334 1576 491 1662 habeatis,
515 1580 671 1664 quoniam,
695 1584 827 1665 excepta
847 1579 906 1646 hae
926 1578 1083 1665 peticione
1104 1598 1200 1664 quam
1220 1576 1299 1643 nulli
1319 1576 1493 1644 mortalium

334 1693 543 1779 concedimus,
565 1715 622 1762 nos
646 1695 687 1761 ad
709 1715 834 1763 omnem
850 1700 989 1763 vestmm
1010 1715 1069 1782 pro
1091 1714 1185 1782 pesae
1206 1699 1314 1761 nostro
1336 1698 1493 1782 promptae
1551 1717 1552 1740 ³

335 1815 367 1878 et
389 1810 517 1879 derotm
539 1810 673 1879 famulos
695 1811 871 1881 invenietis.
908 1810 1020 1879 Valete
1040 1811 1075 1879 in
1097 1810 1242 1879 Domino.

422 1928 509 1996 Heae
536 1928 660 1995 litterae
687 1929 722 1995 in
745 1930 902 1996 communi
923 1929 1058 1997 flatrum
1079 1933 1235 1997 conventu
1254 1926 1407 1995 renuas
1428 1930 1495 1993 suut

335 2048 368 2111 et
389 2046 528 2112 omnium
551 2045 730 2113 testimonio
752 2046 953 2134 approbatae.
998 2046 1053 2113 Hii
1075 2051 1181 2113 autem
1202 2045 1317 2111 fratrea
1338 2048 1494 2131 presentet
1551 2089 1552 2092 ,

334 2160 478 2227 ederant:
501 2160 680 2230 Waltherus
702 2164 804 2249 prior,
829 2162 1042 2248 Erminoldus,
1064 2162 1272 2247 lngrammus,
1293 2159 1494 2245 Engelgsrna,

334 2276 531 2363 Thidericus,
560 2278 793 2365 Heremannus,
818 2278 1008 2347 Adelbertus
1028 2278 1224 2366 prepositus,
1246 2277 1395 2361 Adolfua,
1418 2276 1494 2342 (ton

331 2394 443 2479 radus,
476 2394 645 2481 Elvingus,
680 2395 860 2480 Metfridus,
893 2395 1002 2480 Yaico,
1036 2395 1295 2479 Thegenhardua,
1323 2393 1494 2475 Heinrima

332 2508 452 2596 Bruno,
489 2512 666 2598 Abraham,
704 2511 926 2600 Marquardus‚
964 2512 1158 2597 Bruningus,
1194 2512 1287 2597 Eico,
1324 2509 1495 2591 Liudotius,

330 2625 529 2716 Lamponius,
551 2629 769 2714 Ekkshardus,
792 2629 968 2713 Heinricus,
989 2628 1189 2712 Adelbertus,
1211 2627 1389 2712 Heinricus,
1402 2624 1494 2693 Adel·

331 2744 450 2829 bertus,
466 2744 666 2831 Wemherus,
691 2745 899 2830 Onthelricua,
921 2744 1091 2829 Arnoldus,
1113 2745 1288 2830 Reimarus,
1310 2744 1493 2826 Fridericua,

331 2858 505 2946 Unarchus,
528 2861 728 2948 Wemherus,
751 2862 938 2949 Ruopertua,
959 2861 1207 2947 Harthmannue,
1229 2860 1325 2947 Saxo,
1346 2860 1494 2929 Adelber·

332 2979 393 3060 tus,
416 2976 600 3045 Reinlrerus.

337 3186 422 3257 152.
441 3191 599 3259 We'doldas
624 3196 704 3259 irater
730 3193 920 3259 Re’mdcram
941 3196 1155 3280 praepositam
1183 3192 1493 3281 Eresbarpemcmct

443 3306 621 3373 Edetani
649 3312 787 3375 comitem
815 3310 853 3374 de
874 3307 1039 3375 Herdonea
1063 3310 1147 3375 litem
1169 3312 1208 3377 de
1229 3311 1355 3377 aare
1376 3311 1493 3398 paidos·

445 3425 517 3490 dom
541 3426 664 3491 dirimit.
1339 3423 1395 3506 (M
1411 3423 1491 3504 133.)

226 3570 316 3628 1149?
421 3556 458 3623 In
486 3558 612 3625 nomine
638 3564 764 3625 sanctae
787 3563 820 3625 et
844 3558 1025 3625 individuae
1050 3559 1213 3625 trinitatis.
1253 3557 1415 3626 Wiboldna
1436 3553 1491 3624 oei

332 3673 436 3757 gratia
449 3672 645 3741 Corbeisnsis
668 3674 837 3743 aecclesiae
855 3674 951 3742 abbas
966 3676 1111 3743 omnibus
1125 3676 1324 3763 presentibus
1338 3680 1371 3743 et
1383 3674 1491 3741 intruis

332 3790 583 3877 inperpetuum
1056 3804 1059 3809 ·

421 3906 566 3975 Officium
587 3908 770 3995 prelationis
792 3914 920 3976 nostrae
942 3928 1111 3995 exposcere
1126 3908 1261 3994 videtur,
1283 3916 1320 3977 ut
1341 3911 1425 3978 eirca
1443 3926 1489 3975 roc

332 4023 577 4093 aecclesiasticas
612 4031 644 4091 et
677 4046 845 4112 personas,
878 4047 955 4112 quaa
988 4026 1056 4094 Deo
1089 4027 1255 4095 ordinante
1287 4027 1489 4113 regendaoct

331 4142 544 4227 procurandas
573 4142 782 4228 suscepimus,
811 4142 1039 4230 circumspecta
1064 4146 1262 4231 prouidentia
1286 4145 1487 4230 invigilemus,

331 4276 371 4322 ne
389 4256 440 4323 vel
461 4258 496 4324 in
519 4259 612 4327 rebus
635 4258 700 4325 suis
723 4257 875 4326 aecclesia
895 4259 985 4327 nobie
1007 4262 1175 4329 commissa
1196 4262 1418 4331 detrimentum
1436 4281 1487 4349 pa·

331 4371 429 4437 tiatur
455 4394 516 4440 neu
544 4375 661 4443 subditi
687 4377 790 4443 nostri
814 4382 944 4463 propter
964 4398 1016 4445 res
1038 4378 1209 4448 aecclesiae
1230 4400 1270 4447 ex
1292 4380 1397 4466 atique
1416 4378 1486 4446 scis
