3117 4859
454 299 603 346 ummmr
624 297 791 348 erremus
812 299 867 346 seo
1177 283 1243 352 4⁷1

74 439 147 508 nice
168 443 204 508 et
223 439 419 508 concorditer
438 440 556 508 iectem
576 461 636 529 pro
650 445 795 510 neenec·
808 441 974 527 dignitatis
989 439 1157 530 privilegio
1171 461 1245 510 eon-
1263 449 1333 573 nee

72 555 274 624 irnmremus
296 559 329 624 et
350 555 484 624 electum
506 557 547 624 ed
567 558 801 626 reformandam
822 577 935 646 necem
955 563 988 626 et
1000 558 1143 626 iusticias
1157 523 1314 628 secu·¹¹⁸¹

73 671 159 741 leues
180 673 341 741 fecieudee
361 673 607 760 proveheremus
629 679 662 742 et
683 675 915 742 edinueremue.
949 674 1069 743 Verum
1081 675 1137 743 ille
1152 675 1246 744 solito

73 789 184 858 more*
206 789 420 858 contredicere
435 789 635 878 pereistebet,
657 810 812 876 esserens,
834 811 870 859 se
888 811 1088 878 nequaquem
1101 789 1246 862 sufficere

73 907 117 974 ed
139 905 295 974 emendes
317 907 522 975 contritiones
539 926 662 991 eorum3
686 927 758 976 cum
771 906 961 975 lecrimebili
975 908 1155 995 specteculo
1176 913 1247 978 tote

72 1021 271 1090 Coloniensie
292 1022 446 1091 eecclesie
472 1025 514 1090 ed
539 1024 636 1112 pedes
665 1026 733 1092 eius
759 1029 921 1112 prostrate
947 1024 1081 1110 ieoeret,
1106 1024 1186 1094 flens
1212 1029 1247 1094 ct

72 1139 268 1227 supplicem,
289 1144 327 1207 nt
348 1139 437 1227 lepse
454 1145 488 1208 et
500 1140 667 1208 destitute·
688 1141 786 1208 metri
806 1159 884 1208 suee
896 1145 1060 1227 temquem
1072 1143 1147 1229 pies
1159 1140 1245 1212 filius

72 1276 205 1324 menum
219 1255 405 1324 erectionis‘
420 1257 679 1324 eccommoderet
712 1257 778 1325 Noe
792 1258 892 1342 igitur
913 1257 954 1324 de
974 1261 1082 1324 vestre
1102 1258 1245 1328 bonitete

73 1377 108 1440 et
130 1372 345 1459 discretione·,
374 1393 470 1460 quem
477 1372 710 1461 ‘plurimum
700 1393 736 1440 m
756 1373 895 1442 Domino
917 1373 1094 1459 diligimus,
1123 1373 1244 1462 contisi,

72 1489 278 1576 promisimus
287 1495 356 1557 tem
366 1490 535 1558 eecclesiae
546 1489 725 1557 Coloniensi
736 1511 832 1576 quem
841 1491 906 1577 ipsr
894 1489 1038 1558 ’‘electo
1036 1490 1145 1577 ,quod
1158 1492 1245 1579 opud

72 1605 302 1674 sublimitatem
323 1611 462 1674 uestrem
475 1607 578 1674 modis
594 1606 739 1674 omnibus
754 1607 979 1692 obtineremus,
1002 1607 1183 1694 quedem
1172 1628 1244 1696 1pse

72 1720 270 1791 Colonieneis
284 1721 436 1791 eeccleeie
449 1725 542 1790 tum
532 1744 567 1791 m
580 1721 755 1811 privilegiis
777 1724 844 1790 suis
858 1723 1008 1810 entiquis,
1030 1728 1080 1791 eet
1092 1724 1245 1810 neglectis

72 1845 108 1906 et
126 1858 213 1908 nunc
232 1859 291 1926 per
312 1844 437 1908 restree
458 1839 684 1908 benedictionis
706 1839 887 1924 largitatem
908 1841 1098 1908 renovandis
1120 1847 1153 1908 et
1169 1861 1244 1910 con-

69 1954 254 2040 tirmeudis,
279 1955 498 2041 roboraretur,
525 1950 612 2023 cum*
633 1975 771 2043 persone
795 1957 897 2044 ipsius
924 1957 1061 2043 pristine
1088 1957 1244 2042 dignitate
1313 2045 1320 2053 Ι

69 2073 164 2140 reete
189 2072 325 2138 formem
351 2072 609 2160 predecessorum
637 2093 765 2141 suorum
792 2073 1022 2142 honmteretur.
1072 2072 1116 2142 Et
1142 2072 1246 2142 edtuit

68 2188 182 2256 divine
202 2190 304 2276 pietee
312 2189 328 2273 ¹,
351 2189 443 2256 bonis
464 2188 631 2276 principiis
652 2189 799 2258 meliores
820 2211 940 2275 eugeus
962 2209 1141 2273 successum
1165 2210 1243 2276 quo-

67 2306 159 2372 niem
181 2305 221 2372 ed
242 2305 421 2390 ingressum
447 2305 531 2390 eine,
559 2308 669 2372 nostru
695 2312 885 2393 cooperente
913 2305 1095 2391 clementie,
1122 2311 1157 2373 et
1176 2306 1243 2374 bel-

66 2421 176 2489 lorum
196 2421 275 2489 tube
294 2421 447 2490 conticuit
468 2427 500 2489 et
521 2421 680 2489 letronum
702 2441 795 2508 grex,
817 2426 906 2490 tento
927 2422 1122 2489 tortitudinis
1144 2442 1242 2489 menu

65 2538 275 2626 perterritus,
300 2539 336 2605 in
357 2559 434 2606 enee
455 2537 596 2606 melitiee
618 2537 771 2605 msconso
793 2537 926 2606 delituit
1017 2537 1155 2606 Proinde
1175 2539 1242 2606 sin·

64 2655 235 2724 eeritetem
261 2659 400 2722 vestrem
429 2658 548 2722 etteute
574 2653 753 2722 mendmdo
781 2653 837 2721 ec*
863 2655 1020 2724 monendo
1052 2655 1241 2742 exoremns¹,

65 2772 221 2859 quetinus
248 2791 307 2858 pro
334 2775 461 2838 noeuee
487 2769 665 2838 dilectionis
698 2789 736 2838 ec
762 2766 929 2858 peticionis
955 2771 1074 2838 intuitu
1106 2772 1242 2840 eundem

64 2887 224 2972 electum,
254 2887 295 2954 ed
316 2891 442 2955 uernae
462 2886 714 2954 mensuetudinis
736 2886 930 2974 presentium
951 2889 1147 2973 venientem,
1169 2908 1241 2974 gre·

63 3008 176 3072 tenter
191 3003 372 3091 susmpietie
388 3007 430 3089 et,
446 3002 638 3091 apostolicae
653 3002 880 3072 benedictionis
894 3005 999 3088 gretie
1012 3009 1240 3092 consecratum,

62 3141 143 3190 ceum
154 3119 329 3208 privilegiis
341 3121 407 3187 suis
417 3121 600 3190 renovetis·
616 3125 648 3190 et
662 3121 762 3188 euotie
773 3120 918 3188 celeriter
932 3121 973 3188 ed
986 3141 1046 3189 nos
1058 3122 1239 3191 remittetis.

114 3271 146 3302 u
161 3255 213 3302 ced.
226 3255 271 3310 ful.
283 3255 349 3302 110‘.
675 3273 705 3303 a
720 3255 772 3303 eorl.
786 3257 831 3313 sol.
841 3255 929 3302 122‘-
936 3255 991 3302 eso.

63 3353 151 3421 Gum
173 3352 258 3419 enim
280 3372 321 3420 ex
344 3351 392 3419 ot·
425 3353 492 3420 Nec
513 3355 679 3440 potiemini
706 3364 796 3421 eum'
817 3353 919 3420 honus
945 3353 1131 3441 impositmn
1159 3375 1179 3422 e
1205 3377 1240 3425 se

61 3469 140 3538 ficio
196 3467 390 3536 Gelonioneie
425 3470 544 3537 reicere
566 3474 599 3536 et
620 3471 660 3536 ed
674 3470 770 3556 pedes
785 3475 908 3538 vestroe
925 3469 1007 3537 siout
1019 3470 1090 3557 ipse
1102 3471 1241 3540 intendit

63 3583 219 3656 ecclesiae
232 3587 268 3652 in
281 3585 390 3652 Italico
426 3586 599 3672 deponere;
628 3585 702 3672 quie
728 3586 890 3654 senctiteti
915 3590 1041 3654 uestree
1068 3608 1127 3675 pro
1153 3593 1239 3656 certo

61 3723 166 3787 regno
187 3701 392 3770 cencelleriue
426 3699 651 3788 significemus,
678 3722 737 3791 per
766 3701 864 3769 elium
884 3703 945 3770 hoo
965 3708 1108 3791 tempore
1130 3724 1240 3774 cesum

62 3819 187 3889 existet
203 3822 236 3886 et
251 3819 342 3886 nobis
356 3819 390 3885 in
426 3817 594 3886 eecclesiae
615 3818 701 3886 illiue
722 3837 923 3907 nequaquem
944 3839 1038 3907 posse
1057 3840 1237 3905 resurgere3

62 3935 231 4024 cisalpinis
246 3935 390 4023 pertibus
424 3933 581 4020 siquidem
601 3935 642 4002 de
663 3940 749 4003 stetu
763 3935 951 4004 unirereelis
966 3936 1135 4005 eecclesiae
1148 3942 1239 4006 tante

62 4059 136 4120 tenu
163 4071 204 4118 ex
232 4053 391 4136 magnitu-
423 4050 513 4118 uobis
535 4069 612 4119 cure
626 4057 683 4138 est,
706 4057 857 4139 quentem
873 4073 1021 4120 essenon
1033 4053 1153 4120 iuuene
1166 4075 1238 4142 spe

143 4199 163 4233 ι
179 4184 242 4244 regie
257 4186 344 4233 merel
359 4203 403 4246 pro
417 4197 460 4246 pro
475 4187 567 4232 normes
580 4185 744 4247 -priulleglo
805 4186 829 4234 b.
844 4185 921 4234 studio
936 4187 959 4233 1.
1022 4199 1043 4234 c.
1057 4187 1237 4237 lebentietccr-

61 4265 183 4317 remdl.
236 4265 489 4314 derecdenieeecl.
544 4267 848 4316 e.eeeeereeceeo·.1.
898 4266 1015 4327 tqnet.
1067 4267 1237 4331 esibilem

61 4345 205 4408 ipsielecto.
250 4343 341 4407 luipee
351 4345 441 4392 eddi.
492 4345 509 4393 i.
524 4345 644 4393 clementie
653 4347 675 4393 1.
725 4345 1014 4395 emmomeeml.
1067 4347 1205 4408 trogemes
1214 4351 1236 4398 1.

61 4440 96 4477 ι.
117 4437 230 4474 emerus
245 4425 269 4472 t.
328 4439 353 4472 e.
372 4437 400 4471 eo
415 4442 435 4472 ι.
