3117 4859
342 262 409 331 262
675 279 828 327 wunsam
849 277 1039 327 nemronsn
1059 278 1113 327 ros.
1129 278 1183 326 rer.

255 426 326 485 1149
342 422 483 507 telligere
498 418 654 504 volumus,
677 421 827 507 quoniam
842 440 882 487 ex
895 419 960 487 illis
976 425 1040 505 est3
1064 426 1113 489 set
1126 441 1184 508 per
1200 421 1365 509 epistolam
1377 427 1497 489 vestrm

343 538 382 606 de
405 536 550 605 omnibus
573 534 739 603 certificari
760 536 915 604 volumus.

347 864 435 937 157.
458 866 663 933 Bmalardue
702 869 863 955 episcopeo
894 867 1158 933 Podcrbomenss'e
1194 867 1336 935 We'baldo
1369 871 1503 949 rescribit,

454 993 490 1049 ot
516 984 550 1049 iu
574 982 736 1050 Tlidere'eo
767 986 875 1049 remim
900 984 959 1049 etei
981 985 1210 1051 reconciliando
1232 987 1406 1052 erasm
1426 985 1504 1050 cdli·

455 1100 533 1166 beat
1360 1099 1415 1183 (ll.
1429 1099 1505 1183 138.)

255 1240 326 1299 1149
431 1230 659 1314 B(ernhardue)
685 1230 748 1298 Dei
780 1230 999 1299 misericordia
1030 1231 1352 1301 Potherbomcnsinm
1383 1234 1506 1322 pusillm

342 1347 481 1417 famulus
515 1346 630 1415 dilecto
657 1346 749 1415 fratri
776 1346 948 1432 Wlibalrlo)
980 1348 1154 1417 venerabili
1185 1354 1293 1418 saneta
1320 1350 1507 1419 Gorbciensis

344 1464 514 1535 aecclesiae
554 1464 662 1532 abbati
700 1484 772 1531 cum
807 1465 893 1533 omni
928 1464 1075 1533 karitatis
1117 1466 1265 1553 obsequio
1298 1468 1454 1535 orationes
1478 1467 1508 1533 in

343 1581 490 1651 Domino.

431 1695 591 1764 Aratum
612 1695 800 1781 dilectoris,
823 1716 928 1783 quem,
952 1718 992 1765 ex
1013 1718 1075 1783 qno
1098 1700 1334 1785 coenavimus,
1356 1702 1442 1767 circa
1460 1720 1508 1767 roe

344 1812 460 1883 habere
488 1813 664 1900 coepimus,
692 1810 881 1881 inuiolatum
906 1832 1095 1882 conservare
1120 1817 1309 1902 satagimus,
1336 1818 1383 1883 ita
1404 1821 1440 1884 ut
1459 1834 1510 1883 nee

345 1950 500 2019 personae
520 1950 610 1997 meae
632 1949 691 1997 neo
712 1930 806 1997 rebus
827 1950 887 2017 pro
908 1930 1027 1998 honore
1048 1936 1154 1999 vestro
1175 1932 1389 2001 confirmando
1411 1939 1444 2001 et
1462 1952 1509 1999 rc—

344 2047 467 2115 luntate
500 2046 714 2134 pmmovende
742 2044 928 2133 parcemus}
958 2048 1165 2135 cupimusque
1192 2049 1280 2117 vobis
1310 2050 1347 2118 in
1374 2050 1509 2117 omnibm

344 2163 513 2252 prolicere,
542 2164 570 2230 si
598 2162 675 2249 qnid
694 2161 782 2229 Deus
811 2163 924 2230 annuit
944 2164 1090 2232 sollerter
1109 2186 1168 2232 nos
1190 2165 1392 2234 deliberando
1413 2166 1510 2255 pmri-

346 2281 429 2348 dere.
460 2278 551 2347 Unde
574 2280 609 2345 in
630 2278 787 2365 presentis
808 2298 922 2347 causae
943 2282 1169 2367 compositione
1190 2282 1250 2349 hec
1263 2288 1389 2350 restrae
1402 2284 1510 2350 ‹lisme

346 2398 426 2464 tioni
447 2394 582 2464 fideliter
605 2396 812 2482 suggerimus,
838 2416 879 2465 ne
901 2398 970 2465 sine
991 2403 1169 2465 uestrorum
1189 2397 1330 2466 fidelium
1351 2405 1419 2467 tam
1440 2399 1511 2467 ami·

347 2534 455 2582 eorum
483 2532 579 2600 qnam
603 2512 767 2579 hominnm
789 2513 920 2581 consilio
942 2514 1111 2601 quicquam
1132 2514 1271 2599 formum
1299 2517 1462 2603 quatinus,
1486 2516 1511 2581 si

346 2632 428 2699 forte
456 2629 540 2717 quod
567 2628 651 2697 absit
677 2628 741 2696 tale
767 2629 845 2716 qnid
870 2629 1003 2716 posthac
1029 2632 1208 2717 emerserit,
1242 2632 1284 2699 ad
1309 2633 1510 2700 assistendum

346 2748 437 2817 vobis
458 2750 668 2834 parameses,
691 2744 774 2812 siout
787 2764 872 2812 nunc
886 2752 987 2831 erant,
1008 2748 1186 2815 inveniatis.
1217 2748 1369 2816 Fatcmnr
1382 2749 1509 2836 quidem,

349 2866 425 2952 quia
448 2863 550 2931 multa
571 2862 706 2930 tolerare
728 2862 779 2929 uel
801 2862 1001 2932 dissimulare
1020 2886 1128 2932 rerum
1148 2885 1207 2932 nos
1229 2866 1314 2950 cogit
1333 2866 1510 2946 necomitam

348 2988 398 3051 set
425 2982 508 3049 mont
534 3000 592 3067 pro
622 2979 768 3047 evitando
790 2979 920 3047 volnere
946 2982 1084 3065 graviori
1111 2982 1271 3050 interum
1297 2984 1449 3070 sapientis
1469 2987 1511 3048 est

348 3118 448 3185 usquc
470 3097 511 3164 ed
532 3096 641 3163 virum
663 3096 792 3183 putrida
812 3116 877 3163 non
898 3116 1058 3182 resecare,
1080 3098 1128 3164 ita
1148 3118 1384 3185 nonnunquam,
1407 3102 1510 3166 sinen

348 3216 390 3282 ab
411 3216 476 3281 imo
497 3212 591 3301 plage
615 3213 734 3279 sanitas
756 3214 914 3298 exsurgit,
939 3215 1067 3298 gravior
1086 3218 1211 3282 tortura
1230 3216 1378 3282 succedit
1423 3214 1509 3300 Ergo,

348 3336 386 3399 ut
407 3330 599 3419 premissum
621 3335 678 3414 est,
701 3329 871 3397 discretam
885 3329 1128 3398 sollicitudinem
1140 3336 1280 3399 vernam
1293 3330 1509 3419 praemuniendo

350 3448 565 3531 cohortamur,
594 3466 634 3513 ne
662 3446 731 3513 sins
759 3447 865 3530 grauis
891 3448 1067 3515 testimonii
1088 3446 1324 3516 confirmatione
1344 3449 1443 3516 ullam
1462 3446 1510 3514 ed-

349 3565 484 3633 mittatis
506 3563 774 3650 compositionem.
816 3563 928 3631 Tutius
950 3565 1035 3631 enirn
1058 3585 1127 3633 esse
1146 3570 1296 3653 putemus
1317 3571 1443 3653 apertos
1461 3564 1509 3631 lra—

349 3683 425 3751 bere
445 3680 601 3765 inimices,
625 3700 719 3767 quem
741 3679 879 3749 occultos
900 3678 985 3748 laeta
1004 3682 1109 3749 fronte
1129 3702 1241 3770 pacem
1262 3682 1461 3751 mentientes:

506 3796 574 3876 Quo
597 3796 694 3864 semel
716 3802 765 3865 est
784 3798 917 3884 imbuto,
939 3808 1066 3867 reeens·
1088 3798 1227 3867 servabit
1248 3800 1376 3867 odorem

506 3913 602 3981 Testa
623 3913 679 3980 diu
686 3910 704 3979 ¹.

424 4064 918 4116 almbumr.e.ub.c.‹lr.tlc.

424 4163 450 4218 1.
467 4161 533 4219 Hor.
545 4160 597 4232 Ep.
611 4160 634 4216 l.
645 4160 671 4231 2,
683 4160 727 4219 69.
741 4162 784 4217 70.

830 4332 1041 4345 ——-
