3117 4859
430 283 580 332 wmarmr
601 282 765 332 rrrsrons
787 281 841 330 ιιι,
1152 265 1219 334 bbt

48 423 106 510 qui
127 422 276 492 electione
297 425 599 510 consanguineorum
621 446 749 494 suorum
771 445 830 513 per
851 444 981 492 manum
995 423 1135 492 custodis
1149 444 1219 494 aeo-

48 539 175 626 desiae,
198 541 343 610 videlicet
363 543 457 610 unius
473 563 513 610 ex
529 542 679 610 batibus
693 543 822 627 nostris,
844 541 1018 626 ordinatus,
1041 541 1219 626 cognationi

47 677 126 724 suae
151 658 253 746 presit
278 657 337 726 boc
362 658 472 745 modo,
500 663 537 726 ut
558 679 687 726 aeneum
709 658 874 726 annuatim
894 657 1023 742 colligat
1045 662 1076 725 et
1098 657 1220 724 custodi

46 773 225 861 persolvat;
248 774 277 840 si
298 775 375 860 quid
394 775 429 842 in
451 795 525 842 suos
547 795 710 863 compares
732 775 882 843 adversus
900 774 979 860 legis
994 775 1122 842 decreta
1136 793 1219 841 com·

47 890 181 957 missum
203 889 300 958 fuerit
320 890 371 958 rel
392 891 427 958 in
449 892 611 976 sanguinis
635 891 785 959 effusione
808 891 859 958 rel
879 891 915 958 in
936 891 1100 959 hominum
1121 891 1220 958 inter·

46 1006 183 1074 lectione
210 1027 267 1074 seu
293 1007 327 1074 in
354 1006 522 1074 mulierum
549 1009 760 1095 stupratione,
788 1009 860 1096 ipse
886 1013 954 1075 tam
979 1029 1037 1095 per
1064 1028 1099 1074 se
1125 1027 1220 1094 quam

45 1143 108 1210 per
130 1123 317 1192 advocatum
338 1129 498 1212 reposcat,
522 1128 553 1192 et
575 1124 614 1192 de
637 1125 915 1213 compositionibus
937 1125 1016 1192 duas
1037 1129 1144 1212 partes
1166 1144 1221 1192 cu-

46 1238 133 1308 stodi
155 1239 333 1326 aecclesiae,
356 1242 487 1308 terciam
502 1261 576 1309 raro
600 1242 750 1310 advocato
772 1246 980 1330 representet,
1002 1241 1144 1308 Arnoldo
1160 1241 1221 1308 sci·

46 1354 138 1440 licat,
166 1357 221 1442 qui
247 1361 323 1424 tunc
351 1363 420 1426 erat
447 1359 634 1443 advocatus,
665 1363 697 1426 et
724 1359 955 1427 successoribus
985 1357 1052 1425 eius
1078 1355 1221 1442 legaliter

46 1471 220 1556 institutia3
244 1472 349 1541 nullus
371 1493 502 1542 uxerem
525 1475 620 1544 ducat
641 1475 680 1542 de
703 1474 808 1543 abana
821 1474 954 1560 familia,
976 1473 1039 1541 nisi
1052 1472 1221 1561 perlicer-

46 1588 129 1656 tiam
150 1590 306 1658 censuarii
328 1590 392 1674 sui3
420 1591 532 1677 quodsi
558 1591 719 1660 licentiam
745 1612 811 1659 nou
837 1591 999 1676 habuerit,
1025 1596 1058 1658 et
1079 1609 1220 1674 uxorem,

1273 429 1343 486 1153

1228 517 1248 551 c.
1256 505 1313 563 Aug.
1322 503 1385 563 sape

46 1725 130 1792 quae
157 1726 222 1774 non
249 1707 293 1774 sit
319 1707 358 1774 de
384 1706 506 1774 familia
533 1707 715 1792 aecclesiae,
745 1708 887 1793 duxerit,
917 1707 1102 1794 compositio
1128 1707 1246 1804 huius

46 1821 157 1890 delicti
178 1827 212 1891 et
232 1842 335 1910 poena
356 1824 418 1892 erit
437 1824 473 1890 in
491 1823 621 1892 arbitrio
637 1825 809 1906 censuarii3
832 1825 860 1891 is
875 1844 961 1909 vero,
985 1824 1039 1910 qui
1053 1844 1112 1911 per
1125 1822 1222 1890 licen·

45 1938 143 2025 tiam,
170 1944 208 2007 ut
229 1939 348 2006 dictum
370 1943 433 2025 est,
461 1940 588 2007 duxerit
609 1939 759 2026 alienam,
787 1961 859 2008 cunr
881 1939 1010 2026 obierit,
1033 1940 1122 2008 dabit
1142 1960 1222 2007 uxor

46 2057 117 2124 eins
139 2055 190 2122 rel
210 2054 270 2122 filii
292 2056 455 2124 censuario
477 2077 682 2144 suppremum
704 2059 938 2143 vestimentum,
961 2056 996 2124 id
1017 2061 1066 2124 est
1087 2075 1222 2144 cappam

46 2191 107 2240 seu
127 2171 304 2258 clamidem
327 2193 365 2240 ac
386 2193 443 2261 per
464 2172 524 2242 hoc
546 2173 722 2242 substantia
743 2175 821 2260 eius,
844 2175 928 2242 sicut
940 2173 1030 2261 prius
1043 2173 1223 2243 factitatum

47 2292 134 2374 erat,
162 2309 226 2356 non
253 2289 419 2359 dividetur.
509 2290 600 2358 Hauc
621 2291 719 2358 fuisse
741 2297 910 2379 pareutum
932 2295 964 2357 et
985 2288 1222 2378 progenitorum

46 2425 179 2474 suorum
200 2405 303 2490 legem
325 2410 357 2474 et
379 2407 419 2478 ad
442 2406 625 2474 aecclesiam
646 2411 835 2494 respectum,
858 2407 1042 2473 iuraverunt
1058 2405 1222 2472 duodecim

46 2542 91 2591 ex
113 2521 191 2608 ipsis
213 2522 349 2590 maiores
372 2529 459 2608 natu,
482 2543 615 2609 quornm
637 2523 766 2590 nomino
789 2524 896 2591 subter
918 2522 1037 2608 scripta
1055 2527 1139 2606 sunt,
1161 2521 1222 2588 soi-

45 2637 124 2705 licet
145 2637 269 2724 Petrus,
284 2638 453 2726 Werricus,
475 2637 698 2724 Herimannus,
719 2637 919 2724 Godein'dus,
933 2639 1098 2723 lohannes,
1113 2636 1222 2706 Wille-

45 2753 168 2840 bertus,
191 2753 383 2842 Horrendus,
405 2755 597 2840 Ruzekinus,
621 2753 826 2840 Gislebertus,
848 2755 1042 2840 Erarelmus,
1059 2755 1222 2839 Iordanus,

45 2869 214 2940 lohannes.
248 2871 314 2940 Noc
329 2892 395 2940 nou
408 2872 538 2939 nomina
559 2871 637 2938 haec
659 2877 733 2939 sunt
754 2872 907 2939 tredecim
923 2872 1074 2957 virorum,
1098 2872 1153 2960 qui
1172 2872 1222 2940 iu-

45 2992 195 3056 ramenta
221 2988 362 3076 ipsorum
390 3009 459 3056 esee
484 3009 560 3056 rera
585 2987 746 3056 testificati
775 2994 865 3073 sunt,
893 2987 1013 3056 scilicet
1034 2987 1222 3072 Eimundus,

46 3102 219 3191 Walterus,
234 3105 396 3190 Azalinns,
412 3103 616 3191 Gislebertus,
630 3105 828 3190 Teodericus,
844 3103 1042 3190 Godcmdus,
1048 3103 1223 3190 Wenricus,

46 3219 248 3307 Ererwinue,
270 3221 492 3308 Herimannus,
511 3220 721 3308 Baldewinue,
737 3221 936 3307 Godeiridus,
946 3220 1068 3306 Waldo,
1083 3221 1223 3290 Ruober·

46 3343 112 3406 tus.
203 3337 268 3405 Nos
290 3359 365 3406 roro
393 3344 426 3406 et
452 3345 528 3406 tunc
556 3338 590 3404 in
619 3341 758 3426 presenti
788 3344 820 3408 et
844 3344 955 3427 postea
976 3339 1010 3406 in
1031 3339 1223 3408 monasterio

47 3452 222 3522 Stabulaus
245 3455 302 3521 sub
325 3453 441 3523 celebri
461 3458 625 3538 conventu,
649 3460 777 3542 sumpta
791 3456 874 3522 stola
888 3461 921 3523 et
934 3455 1087 3542 pastorali
1101 3455 1222 3541 baculo,

47 3591 182 3640 assensu
204 3569 342 3638 omnium
358 3569 491 3637 fratrum
507 3574 697 3656 nostrorum,
720 3572 1052 3639 excommunicationis
1067 3573 1224 3640 sententia

46 3687 287 3773 interdiximus,
315 3707 356 3754 ne
383 3684 489 3773 aliqua
513 3705 649 3774 persona
671 3705 770 3772 parva
792 3706 850 3755 seu
867 3709 986 3773 magna
1006 3688 1146 3776 prefatos
1167 3686 1224 3754 ho·

46 3806 153 3874 mines
175 3809 208 3872 et
230 3823 338 3872 eorum
359 3803 543 3890 progeniem
565 3803 714 3870 infestare
736 3808 914 3890 presumat,
944 3809 976 3871 et
996 3803 1114 3890 legem,
1144 3824 1224 3892 quae

45 3921 228 4010 prescripta
249 3924 307 4004 est,
331 3917 394 3985 ullo
416 3920 509 3986 modo
533 3920 647 3988 audeat
668 3925 778 3988 contra
798 3919 940 4007 ipsorum
958 3919 1153 3988 voluntatem
1174 3922 1223 3987 in·

45 4037 199 4122 fringere.
233 4035 278 4104 Et
298 4040 335 4102 ut
356 4035 433 4102 haec
454 4056 512 4122 per
534 4056 643 4104 omnes
666 4041 846 4124 temporum
867 4037 1080 4105 successiones
1102 4042 1174 4105 rata
1191 4041 1224 4106 et

44 4151 235 4222 inconvulsa
255 4156 470 4240 permaneant,
493 4153 642 4238 paginam
664 4154 746 4222 hanc
765 4153 869 4239 sigillo
883 4158 991 4220 nostro
1006 4159 1039 4222 et
1054 4153 1223 4224 aecclesiae

46 4269 198 4356 insigniri
220 4288 258 4335 ao
279 4267 397 4335 muniri
417 4268 576 4354 iussimus,
601 4275 633 4337 st
654 4276 760 4357 testes,
785 4271 839 4357 qui
855 4269 1020 4356 affuerunt,
1044 4270 1152 4340 subter
1165 4292 1223 4339 no·

47 4387 121 4455 tari.
158 4384 321 4453 Wiboldus
345 4383 539 4454 Stabulansis
563 4385 659 4456 abbas
683 4388 864 4476 subscripsi

1547 188 1551 462 l
