3117 4859
441 307 591 356 usnemu
612 306 777 357 semrom
799 308 853 356 era.
1163 294 1232 361 491

54 444 155 518 372.
173 447 390 516 Fltderianl
396 475 453 518 rec
466 449 612 540 1111911111
626 451 683 518 111
684 475 795 541 pupae
813 454 981 546 sipreifiont,
993 475 1143 540 congerro
1158 475 1231 520 oses·

172 567 310 632 1111111111
324 590 395 634 esee.
423 567 584 635 Ecclesiae
598 566 807 658 defensionem
816 569 978 658 reccidit
1011 568 1148 657 Lenos
1160 593 1233 638 scos

174 677 390 750 emmeant
1070 681 1125 766 (11.
1141 684 1232 768 345.)

150 799 361 883 Dilectissimo
395 815 582 884 1101111111
615 817 700 904 patri
729 837 786 884 sno
813 817 982 902 Elngenio)
1015 823 1143 887 sanese
1169 817 1319 884 Ire-1152

50 951 174 999 manae
196 931 365 999 aecclesiae
388 951 510 1000 summo
532 931 674 1021 pontifici
696 932 882 1002 Fredericns
903 933 965 1001 Dei
990 935 1095 1020 gratia
1115 934 1232 1002 Roma-
1250 895 1317 943 m

51 1067 174 1115 norum
195 1069 254 1116 rex
276 1053 309 1116 st
330 1067 455 1136 semper
483 1054 633 1135 augustus
659 1047 788 1118 filialem
814 1051 1003 1138 peremnia
1030 1051 1230 1120 dilectonem

53 1169 88 1232 ct
112 1164 254 1233 debitam
275 1165 309 1232 in
331 1165 469 1233 Domino
489 1165 708 1234 reverentiam.

126 1280 256 1350 Patrem
276 1281 400 1370 putriac
423 1282 526 1368 decet,
554 1282 733 1350 veneranda
754 1283 931 1370 priscorum
952 1281 1099 1350 instituta
1120 1303 1231 1368 regum

53 1397 229 1483 vigilanter
251 1399 419 1466 obseruare
441 1402 474 1466 et
495 1399 593 1467 sacris
616 1419 725 1466 eornm
746 1398 922 1487 disciplinis
942 1399 1048 1466 cnaei
1062 1399 1167 1466 studio
1182 1401 1232 1466 in·

53 1513 186 1601 herere,
215 1520 253 1583 ut
273 1515 397 1583 noverit
417 1535 551 1600 regnum
573 1516 635 1584 sibi
658 1515 677 1582 1
698 1515 766 1583 Deo
789 1515 939 1583 collatum
959 1514 1081 1600 legibue
1105 1535 1142 1583 ac
1160 1531 1231 1582 mo·

53 1632 147 1700 ribus
170 1653 234 1699 non
255 1631 360 1699 minus
383 1632 537 1701 adornare
560 1651 655 1720 quam
677 1632 773 1699 armis
797 1636 830 1700 et
851 1631 934 1700 bello
954 1632 1125 1700 defensare.
1162 1630 1231 1699 Sol·

53 1746 197 1816 lemncm
218 1750 325 1836 itaque
347 1749 474 1838 imperii
495 1749 629 1817 Romani
651 1767 770 1817 morem
794 1749 814 1816 l
834 1749 963 1836 proavia
978 1749 1106 1834 1111111,
1128 1749 1232 1836 impe-

53 1865 218 1934 ratoribus
246 1866 393 1934 videlicet
420 1871 452 1934 at
477 1866 621 1952 regibus,
651 1865 692 1932 ad
717 1885 775 1932 nos
801 1866 1024 1933 transmissum
1052 1869 1231 1952 sequentes,

54 1980 200 2066 legatum
221 1989 381 2069 nostrum,
403 1983 507 2050 virum
529 1982 651 2050 scilicet
672 1981 842 2050 discretum
864 1988 898 2050 st
917 1981 1095 2075 honestum,
1116 1981 1231 2066 litber-

54 2095 205 2182 hardnm)
228 2099 440 2166 uenerabilem
459 2098 751 2184 Bavenbergensem
773 2099 967 2188 episcopum,
990 2098 1146 2166 adiunctis
1170 2099 1232 2167 sibi

56 2213 205 2298 ll(illino)
233 2215 413 2283 Trevirensi
441 2215 540 2284 electo
570 2221 603 2283 et
629 2215 779 2300 A(damo)
809 2215 1000 2284 Ereruoensi
1029 2215 1158 2300 abbute,
1190 2215 1231 2282 ad

56 2337 183 2400 restrae
205 2333 382 2400 sanctitatis
404 2330 596 2419 presentiam
619 2337 651 2399 et
673 2332 713 2398 ad
728 2331 846 2400 Urbem
866 2331 1026 2399 destinare
1040 2332 1230 2416 curavimus,

55 2453 92 2515 ut
114 2455 183 2516 tam
207 2469 245 2516 err
268 2449 424 2536 presentis
446 2450 581 2536 paginae
602 2449 719 2515 indicio
743 2467 839 2534 qnam
855 2448 1052 2535 exipsorum
1065 2448 1230 2515 rivawce

56 2565 95 2632 de
117 2565 238 2633 nostris
269 2565 469 2654 provectibus
497 2571 529 2633 et
555 2565 652 2632 totius
683 2564 852 2632 eecclesiae
880 2583 918 2631 ec
942 2565 1033 2647 regni
1055 2568 1140 2631 statu
1162 2582 1230 2631 cer-

55 2683 157 2750 tiores
179 2701 249 2750 esse
270 2683 408 2770 possitis.

148 2799 273 2885 ltaque,
303 2797 427 2885 quando
454 2795 574 2884 placuit
599 2795 735 2864 terribili
763 2801 796 2864 et
822 2796 853 2864 ei
880 2796 935 2882 qui
957 2795 1061 2862 aufert
1082 2795 1231 2883 spiritum
1246 2811 1351 2862 sesnrs

56 2915 256 3002 principum,
285 2913 420 2982 terribili
449 2912 533 3000 apud
561 2934 651 2999 reges
679 2908 811 2998 terrue',
844 2911 880 2978 in
912 2912 1002 2979 cuius
1029 2933 1128 2980 manu
1156 2919 1232 2980 sunt

57 3032 201 3099 omnium
222 3036 393 3119 potestates
416 3036 449 3098 et
470 3031 610 3099 omnium
631 3031 703 3098 iura
724 3047 908 3115 regnorum,
936 3028 1038 3097 felicis
1059 3028 1231 3098 memorius

56 3153 209 3234 patruum
236 3167 273 3215 ac
294 3148 482 3215 nutritorem
508 3152 667 3233 nostrum,
694 3145 867 3232 gloriosum
888 3143 1101 3214 Romanorum
1122 3167 1231 3232 regem

58 3263 264 3348 G(onradum)
287 3264 326 3332 dc
353 3265 494 3352 presenti
515 3264 582 3332 vita
610 3283 755 3350 evocare,
784 3263 926 3330 uniuersi
946 3263 1108 3352 principos
1129 3264 1230 3350 regni,

57 3383 223 3470 tamquam
245 3381 352 3448 divino
374 3381 489 3469 spiritu
511 3381 665 3466 suscitati,
692 3383 730 3447 17
747 3379 800 3448 die
815 3385 889 3468 post
910 3373 1139 3468 depositionem
1163 3382 1230 3448 eius
1246 3401 1336 3451 naec

58 3494 91 3563 in
114 3499 267 3586 oppidum
289 3497 528 3565 Frunkenevnrt
556 3502 622 3564 tam
649 3517 709 3584 per
736 3517 771 3564 se
791 3497 879 3584 ipsos
902 3517 998 3584 quam
1019 3519 1078 3586 per
1097 3517 1231 3585 respon·

59 3613 142 3682 eules
164 3615 333 3682 honoratos
355 3617 582 3699 convenerunt,
612 3618 645 3681 et
674 3613 792 3700 absque
818 3613 913 3681 ullius
936 3635 1044 3682 morae
1064 3614 1230 3682 interiecto

58 3732 166 3818 spacio
189 3731 299 3798 sudem
320 3729 372 3798 dia
394 3749 466 3799 cunr
487 3730 608 3816 ingenti
623 3729 774 3797 diuinitus
795 3729 870 3797 data
883 3731 1051 3799 concordia
1064 3731 1128 3819 ipsi
1141 3731 1231 3818 prin-

59 3845 145 3935 cipes
169 3853 200 3915 et
222 3848 338 3916 caeteri
359 3867 504 3935 proceres
531 3865 604 3914 cum
630 3846 727 3913 totius
749 3845 861 3934 populi
881 3847 990 3916 lavoro
1012 3853 1045 3915 11
1067 3846 1231 3914 alacritate

59 3982 115 4032 nos
139 3966 173 4032 in
193 3965 283 4050 regni
305 3964 466 4049 fastigium
489 3961 657 4048 elegerunt
693 3962 810 4042 Quinte
823 3964 1026 4052 postmodum
1042 3962 1104 4048 die,
1125 3963 1160 4030 id
1182 3967 1231 4030 est
1247 3956 1336 4032 nece

60 4081 220 4150 tarenta
240 4081 386 4170 proximo
408 4079 567 4148 mediante
589 4076 859 4166 quadragesime,
881 4081 953 4168 pari
975 4083 1008 4146 et
1023 4079 1132 4146 eodem
1155 4097 1230 4146 con·

130 4250 156 4305 1.
173 4249 250 4304 Haec
268 4247 394 4318 epistola,
412 4245 572 4304 aWibeldo
590 4243 715 4318 formata,
731 4261 831 4302 vereor
847 4250 880 4302 nt
895 4245 956 4303 sine
968 4245 1183 4302 commutatione
1194 4243 1230 4302 ad

61 4346 158 4406 papam
176 4337 261 4394 missa
277 4337 323 4394 sit.
351 4335 394 4394 Ol.
412 4337 543 4408 eppi'li
560 4341 589 4394 et
606 4335 774 4395 87611377
792 4333 874 4391 inira
951 4335 978 4391 2.
995 4335 1043 4392 Ps.
1061 4334 1105 4407 75,
1123 4335 1166 4391 12.
1187 4335 1230 4391 13.

62 4423 88 4480 8.
103 4427 123 4482 i.
134 4443 161 4484 e.
178 4426 317 4484 dominica
334 4427 457 4484 meare

956 4521 1018 4582 82!
