<?xml version="1.0" encoding="UTF-8"?>
<!DOCTYPE html PUBLIC "-//W3C//DTD XHTML 1.0 Transitional//EN"
    "http://www.w3.org/TR/xhtml1/DTD/xhtml1-transitional.dtd">
<html xmlns="http://www.w3.org/1999/xhtml" xml:lang="en" lang="en">
 <head>
  <title>
</title>
<meta http-equiv="Content-Type" content="text/html;charset=utf-8" />
  <meta name='ocr-system' content='tesseract 3.04.00' />
  <meta name='ocr-capabilities' content='ocr_page ocr_carea ocr_par ocr_line ocrx_word'/>
</head>
<body>
  <div class='ocr_page' id='page_1' title='image "./bibliothecareru05jaffgoog_0156.png"; bbox 0 0 3117 4859; ppageno 0'>
   <div class='ocr_carea' id='block_1_1' title="bbox 321 210 1133 279">
    <p class='ocr_par' dir='ltr' id='par_1_1' title="bbox 321 210 1133 279">
     <span class='ocr_line' id='line_1_1' title="bbox 321 210 1133 279; baseline -0.005 -1"><span class='ocrx_word' id='word_1_1' title='bbox 321 210 383 279; x_wconf 77' lang='lat'>148</span> <span class='ocrx_word' id='word_1_2' title='bbox 664 224 814 277; x_wconf 71' lang='lat' dir='ltr'>umnam</span> <span class='ocrx_word' id='word_1_3' title='bbox 834 226 1020 277; x_wconf 76' lang='lat' dir='ltr'>mmmm</span> <span class='ocrx_word' id='word_1_4' title='bbox 1041 224 1078 275; x_wconf 75' lang='lat' dir='ltr'>ts</span> <span class='ocrx_word' id='word_1_5' title='bbox 1093 223 1133 274; x_wconf 82' lang='lat' dir='ltr'>ra</span> 
     </span>
    </p>
   </div>
   <div class='ocr_carea' id='block_1_2' title="bbox 183 364 1483 3132">
    <p class='ocr_par' dir='ltr' id='par_1_2' title="bbox 183 364 1483 3132">
     <span class='ocr_line' id='line_1_2' title="bbox 222 364 1474 455; baseline 0.003 -24"><span class='ocrx_word' id='word_1_6' title='bbox 222 374 290 431; x_wconf 72' lang='lat'><strong>114⁷</strong></span> <span class='ocrx_word' id='word_1_7' title='bbox 318 366 377 437; x_wconf 90' lang='lat' dir='ltr'>H.¹</span> <span class='ocrx_word' id='word_1_8' title='bbox 398 368 459 437; x_wconf 90' lang='lat' dir='ltr'>Dei</span> <span class='ocrx_word' id='word_1_9' title='bbox 495 370 598 455; x_wconf 78' lang='lat' dir='ltr'>gratia</span> <span class='ocrx_word' id='word_1_10' title='bbox 630 369 757 438; x_wconf 89' lang='lat' dir='ltr'>humilis</span> <span class='ocrx_word' id='word_1_11' title='bbox 790 371 935 438; x_wconf 74' lang='lat' dir='ltr'>minister</span> <span class='ocrx_word' id='word_1_12' title='bbox 968 370 1117 438; x_wconf 79' lang='lat' dir='ltr'>eeclesIae</span> <span class='ocrx_word' id='word_1_13' title='bbox 1150 368 1261 437; x_wconf 86' lang='lat' dir='ltr'>beatae</span> <span class='ocrx_word' id='word_1_14' title='bbox 1291 364 1474 435; x_wconf 79' lang='lat' dir='ltr'>llsriaeiu</span> 
     </span>
     <span class='ocr_line' id='line_1_3' title="bbox 212 448 1308 573; baseline -0.002 -20"><span class='ocrx_word' id='word_1_15' title='bbox 212 463 231 495; x_wconf 74' lang='lat'>‘⁵&#39;</span> <span class='ocrx_word' id='word_1_16' title='bbox 245 448 300 497; x_wconf 54' lang='grc' dir='ltr'>Μ’</span> <span class='ocrx_word' id='word_1_17' title='bbox 316 480 521 573; x_wconf 79' lang='lat' dir='ltr'>Fleohthorp²</span> <span class='ocrx_word' id='word_1_18' title='bbox 543 486 671 555; x_wconf 83' lang='lat' dir='ltr'>devotas</span> <span class='ocrx_word' id='word_1_19' title='bbox 695 488 852 555; x_wconf 91' lang='lat' dir='ltr'>orationes</span> <span class='ocrx_word' id='word_1_20' title='bbox 875 492 908 554; x_wconf 93' lang='lat' dir='ltr'>et</span> <span class='ocrx_word' id='word_1_21' title='bbox 929 486 1069 554; x_wconf 76' lang='lat' dir='ltr'>debitam</span> <span class='ocrx_word' id='word_1_22' title='bbox 1089 484 1308 553; x_wconf 72' lang='lat' dir='ltr'><strong>obedientiam.</strong></span> 
     </span>
     <span class='ocr_line' id='line_1_4' title="bbox 238 598 1479 691; baseline -0.004 -21"><span class='ocrx_word' id='word_1_23' title='bbox 238 619 240 625; x_wconf 85' lang='grc'><em>·</em></span> <span class='ocrx_word' id='word_1_24' title='bbox 404 602 627 688; x_wconf 68' lang='lat' dir='ltr'>eognovimus,</span> <span class='ocrx_word' id='word_1_25' title='bbox 668 603 846 671; x_wconf 82' lang='lat' dir='ltr'>venerande</span> <span class='ocrx_word' id='word_1_26' title='bbox 883 608 989 691; x_wconf 84' lang='lat' dir='ltr'>pater,</span> <span class='ocrx_word' id='word_1_27' title='bbox 1027 602 1152 670; x_wconf 82' lang='lat' dir='ltr'>venisse</span> <span class='ocrx_word' id='word_1_28' title='bbox 1189 600 1230 668; x_wconf 88' lang='lat' dir='ltr'>ed</span> <span class='ocrx_word' id='word_1_29' title='bbox 1261 598 1479 667; x_wconf 82' lang='lat' dir='ltr'>excellentiam</span> 
     </span>
     <span class='ocr_line' id='line_1_5' title="bbox 315 714 1481 807; baseline -0.003 -22"><span class='ocrx_word' id='word_1_30' title='bbox 315 724 453 787; x_wconf 80' lang='lat' dir='ltr'>vestram</span> <span class='ocrx_word' id='word_1_31' title='bbox 481 719 719 787; x_wconf 80' lang='lat' dir='ltr'>dilectIssimnm</span> <span class='ocrx_word' id='word_1_32' title='bbox 747 726 872 807; x_wconf 89' lang='lat' dir='ltr'>patrem</span> <span class='ocrx_word' id='word_1_33' title='bbox 898 724 1042 786; x_wconf 71' lang='lat' dir='ltr'>noenum</span> <span class='ocrx_word' id='word_1_34' title='bbox 1070 724 1103 787; x_wconf 88' lang='lat' dir='ltr'>et</span> <span class='ocrx_word' id='word_1_35' title='bbox 1123 716 1285 784; x_wconf 89' lang='lat' dir='ltr'>dominum</span> <span class='ocrx_word' id='word_1_36' title='bbox 1299 714 1481 783; x_wconf 76' lang='lat' dir='ltr'>Wrbaldum</span> 
     </span>
     <span class='ocr_line' id='line_1_6' title="bbox 183 831 1480 933; baseline -0.002 -31"><span class='ocrx_word' id='word_1_37' title='bbox 183 917 195 933; x_wconf 36' lang='grc' dir='ltr'>ι</span> <span class='ocrx_word' id='word_1_38' title='bbox 315 834 463 903; x_wconf 88' lang='lat' dir='ltr'>ecclesiae</span> <span class='ocrx_word' id='word_1_39' title='bbox 490 836 687 904; x_wconf 82' lang='lat' dir='ltr'>Oorboiensis</span> <span class='ocrx_word' id='word_1_40' title='bbox 716 834 878 920; x_wconf 91' lang='lat' dir='ltr'>abbatem,</span> <span class='ocrx_word' id='word_1_41' title='bbox 906 836 1010 902; x_wconf 84' lang='lat' dir='ltr'>virum</span> <span class='ocrx_word' id='word_1_42' title='bbox 1037 855 1131 921; x_wconf 87' lang='lat' dir='ltr'>quern</span> <span class='ocrx_word' id='word_1_43' title='bbox 1156 832 1291 900; x_wconf 89' lang='lat' dir='ltr'>multum</span> <span class='ocrx_word' id='word_1_44' title='bbox 1318 831 1480 917; x_wconf 70' lang='lat' dir='ltr'>diligimus</span> 
     </span>
     <span class='ocr_line' id='line_1_7' title="bbox 315 949 1481 1039; baseline -0.002 -22"><span class='ocrx_word' id='word_1_45' title='bbox 315 958 347 1017; x_wconf 92' lang='lat' dir='ltr'>et</span> <span class='ocrx_word' id='word_1_46' title='bbox 373 951 407 1017; x_wconf 92' lang='lat' dir='ltr'>in</span> <span class='ocrx_word' id='word_1_47' title='bbox 429 971 490 1038; x_wconf 91' lang='lat' dir='ltr'>quo</span> <span class='ocrx_word' id='word_1_48' title='bbox 513 952 685 1039; x_wconf 88' lang='lat' dir='ltr'>plurimum</span> <span class='ocrx_word' id='word_1_49' title='bbox 707 953 775 1039; x_wconf 87' lang='lat' dir='ltr'>spei</span> <span class='ocrx_word' id='word_1_50' title='bbox 797 954 832 1019; x_wconf 95' lang='lat' dir='ltr'>in</span> <span class='ocrx_word' id='word_1_51' title='bbox 853 957 940 1019; x_wconf 85' lang='lat' dir='ltr'>terra</span> <span class='ocrx_word' id='word_1_52' title='bbox 959 956 1070 1019; x_wconf 90' lang='lat' dir='ltr'>nostra</span> <span class='ocrx_word' id='word_1_53' title='bbox 1090 952 1126 1018; x_wconf 93' lang='lat' dir='ltr'>in</span> <span class='ocrx_word' id='word_1_54' title='bbox 1146 950 1283 1018; x_wconf 85' lang='lat' dir='ltr'>adventu</span> <span class='ocrx_word' id='word_1_55' title='bbox 1302 949 1407 1036; x_wconf 87' lang='lat' dir='ltr'>ipsius</span> <span class='ocrx_word' id='word_1_56' title='bbox 1430 968 1481 1016; x_wconf 85' lang='lat' dir='ltr'>ae·</span> 
     </span>
     <span class='ocr_line' id='line_1_8' title="bbox 313 1067 1482 1156; baseline -0.002 -21"><span class='ocrx_word' id='word_1_57' title='bbox 313 1069 470 1154; x_wconf 81' lang='lat' dir='ltr'>cepimus;</span> <span class='ocrx_word' id='word_1_58' title='bbox 499 1088 592 1154; x_wconf 91' lang='lat' dir='ltr'>quem</span> <span class='ocrx_word' id='word_1_59' title='bbox 619 1075 652 1137; x_wconf 90' lang='lat' dir='ltr'>ot</span> <span class='ocrx_word' id='word_1_60' title='bbox 673 1075 798 1137; x_wconf 84' lang='lat' dir='ltr'>restrae</span> <span class='ocrx_word' id='word_1_61' title='bbox 818 1069 1003 1156; x_wconf 71' lang='lat' dir='ltr'>paternitati</span> <span class='ocrx_word' id='word_1_62' title='bbox 1025 1067 1276 1135; x_wconf 86' lang='lat' dir='ltr'>commendatum</span> <span class='ocrx_word' id='word_1_63' title='bbox 1296 1085 1482 1151; x_wconf 77' lang='lat' dir='ltr'>esso-rega-</span> 
     </span>
     <span class='ocr_line' id='line_1_9' title="bbox 313 1181 1481 1271; baseline -0.001 -21"><span class='ocrx_word' id='word_1_64' title='bbox 313 1204 393 1250; x_wconf 90' lang='lat' dir='ltr'>mus.</span> <span class='ocrx_word' id='word_1_65' title='bbox 424 1182 596 1252; x_wconf 85' lang='lat' dir='ltr'>Laborarit</span> <span class='ocrx_word' id='word_1_66' title='bbox 618 1186 702 1252; x_wconf 84' lang='lat' dir='ltr'>enlm</span> <span class='ocrx_word' id='word_1_67' title='bbox 723 1185 757 1250; x_wconf 90' lang='lat' dir='ltr'>iu</span> <span class='ocrx_word' id='word_1_68' title='bbox 779 1187 908 1270; x_wconf 78' lang='lat' dir='ltr'>regione</span> <span class='ocrx_word' id='word_1_69' title='bbox 928 1189 1039 1252; x_wconf 90' lang='lat' dir='ltr'>nostra</span> <span class='ocrx_word' id='word_1_70' title='bbox 1058 1185 1139 1252; x_wconf 89' lang='lat' dir='ltr'>siout</span> <span class='ocrx_word' id='word_1_71' title='bbox 1152 1184 1202 1251; x_wconf 84' lang='lat' dir='ltr'>vir</span> <span class='ocrx_word' id='word_1_72' title='bbox 1215 1181 1367 1271; x_wconf 72' lang='lat' dir='ltr'><strong>preliator</strong></span> <span class='ocrx_word' id='word_1_73' title='bbox 1380 1183 1481 1249; x_wconf 88' lang='lat' dir='ltr'>susci·</span> 
     </span>
     <span class='ocr_line' id='line_1_10' title="bbox 312 1278 1481 1389; baseline -0.003 -22"><span class='ocrx_word' id='word_1_74' title='bbox 312 1306 384 1367; x_wconf 87' lang='lat' dir='ltr'>tans</span> <span class='ocrx_word' id='word_1_75' title='bbox 412 1278 516 1368; x_wconf 84' lang='lat' dir='ltr'>zelum</span> <span class='ocrx_word' id='word_1_76' title='bbox 540 1321 598 1389; x_wconf 89' lang='lat' dir='ltr'>pro</span> <span class='ocrx_word' id='word_1_77' title='bbox 620 1302 799 1389; x_wconf 87' lang='lat' dir='ltr'>reparanda</span> <span class='ocrx_word' id='word_1_78' title='bbox 820 1302 928 1369; x_wconf 83' lang='lat' dir='ltr'>divina</span> <span class='ocrx_word' id='word_1_79' title='bbox 948 1300 1100 1386; x_wconf 78' lang='lat' dir='ltr'>religione</span> <span class='ocrx_word' id='word_1_80' title='bbox 1128 1305 1198 1367; x_wconf 90' lang='lat' dir='ltr'>tum</span> <span class='ocrx_word' id='word_1_81' title='bbox 1222 1300 1258 1366; x_wconf 93' lang='lat' dir='ltr'>in</span> <span class='ocrx_word' id='word_1_82' title='bbox 1283 1318 1341 1366; x_wconf 88' lang='lat' dir='ltr'>suo</span> <span class='ocrx_word' id='word_1_83' title='bbox 1370 1318 1481 1365; x_wconf 86' lang='lat' dir='ltr'>mona·</span> 
     </span>
     <span class='ocr_line' id='line_1_11' title="bbox 313 1415 1481 1504; baseline -0.003 -19"><span class='ocrx_word' id='word_1_84' title='bbox 313 1418 409 1485; x_wconf 91' lang='lat' dir='ltr'>sterio</span> <span class='ocrx_word' id='word_1_85' title='bbox 436 1422 505 1483; x_wconf 89' lang='lat' dir='ltr'>tum</span> <span class='ocrx_word' id='word_1_86' title='bbox 531 1418 567 1485; x_wconf 92' lang='lat' dir='ltr'>in</span> <span class='ocrx_word' id='word_1_87' title='bbox 594 1417 808 1502; x_wconf 89' lang='lat' dir='ltr'>monasteriis,</span> <span class='ocrx_word' id='word_1_88' title='bbox 837 1438 917 1504; x_wconf 88' lang='lat' dir='ltr'>quae</span> <span class='ocrx_word' id='word_1_89' title='bbox 945 1438 985 1486; x_wconf 86' lang='lat' dir='ltr'>ex</span> <span class='ocrx_word' id='word_1_90' title='bbox 1007 1418 1089 1485; x_wconf 91' lang='lat' dir='ltr'>dono</span> <span class='ocrx_word' id='word_1_91' title='bbox 1112 1416 1219 1483; x_wconf 92' lang='lat' dir='ltr'>domni</span> <span class='ocrx_word' id='word_1_92' title='bbox 1240 1415 1324 1501; x_wconf 79' lang='lat' dir='ltr'>regis</span> <span class='ocrx_word' id='word_1_93' title='bbox 1346 1415 1481 1503; x_wconf 86' lang='lat' dir='ltr'>aceepit,</span> 
     </span>
     <span class='ocr_line' id='line_1_12' title="bbox 312 1531 1481 1618; baseline -0.003 -18"><span class='ocrx_word' id='word_1_94' title='bbox 312 1533 489 1601; x_wconf 86' lang='lat' dir='ltr'>Kaminada</span> <span class='ocrx_word' id='word_1_95' title='bbox 511 1534 630 1601; x_wconf 87' lang='lat' dir='ltr'>scilicet</span> <span class='ocrx_word' id='word_1_96' title='bbox 652 1554 689 1602; x_wconf 94' lang='lat' dir='ltr'>ac</span> <span class='ocrx_word' id='word_1_97' title='bbox 704 1533 869 1618; x_wconf 84' lang='lat' dir='ltr'>Visbicke;</span> <span class='ocrx_word' id='word_1_98' title='bbox 898 1534 953 1601; x_wconf 92' lang='lat' dir='ltr'>ubi</span> <span class='ocrx_word' id='word_1_99' title='bbox 980 1554 1044 1601; x_wconf 92' lang='lat' dir='ltr'>non</span> <span class='ocrx_word' id='word_1_100' title='bbox 1066 1533 1174 1600; x_wconf 83' lang='lat' dir='ltr'>divina</span> <span class='ocrx_word' id='word_1_101' title='bbox 1200 1532 1329 1599; x_wconf 85' lang='lat' dir='ltr'>servitia</span> <span class='ocrx_word' id='word_1_102' title='bbox 1354 1536 1406 1598; x_wconf 88' lang='lat' dir='ltr'>set</span> <span class='ocrx_word' id='word_1_103' title='bbox 1433 1531 1481 1597; x_wconf 85' lang='lat' dir='ltr'>lu·</span> 
     </span>
     <span class='ocr_line' id='line_1_13' title="bbox 312 1646 1481 1738; baseline -0.002 -22"><span class='ocrx_word' id='word_1_104' title='bbox 312 1650 479 1735; x_wconf 83' lang='lat' dir='ltr'>panarium</span> <span class='ocrx_word' id='word_1_105' title='bbox 505 1650 642 1717; x_wconf 88' lang='lat' dir='ltr'>ludibria</span> <span class='ocrx_word' id='word_1_106' title='bbox 668 1651 757 1738; x_wconf 84' lang='lat' dir='ltr'>prius</span> <span class='ocrx_word' id='word_1_107' title='bbox 787 1651 1013 1718; x_wconf 84' lang='lat' dir='ltr'>exercebantur</span> <span class='ocrx_word' id='word_1_108' title='bbox 1040 1651 1075 1717; x_wconf 89' lang='lat' dir='ltr'>in</span> <span class='ocrx_word' id='word_1_109' title='bbox 1102 1654 1239 1734; x_wconf 85' lang='lat' dir='ltr'>tantum,</span> <span class='ocrx_word' id='word_1_110' title='bbox 1267 1652 1304 1715; x_wconf 92' lang='lat' dir='ltr'>ut</span> <span class='ocrx_word' id='word_1_111' title='bbox 1328 1646 1481 1715; x_wconf 85' lang='lat' dir='ltr'>Kamina·</span> 
     </span>
     <span class='ocr_line' id='line_1_14' title="bbox 312 1763 1482 1851; baseline -0.003 -18"><span class='ocrx_word' id='word_1_112' title='bbox 312 1766 410 1833; x_wconf 89' lang='lat' dir='ltr'>tensis</span> <span class='ocrx_word' id='word_1_113' title='bbox 445 1766 619 1851; x_wconf 79' lang='lat' dir='ltr'>abbatissa,</span> <span class='ocrx_word' id='word_1_114' title='bbox 653 1767 772 1834; x_wconf 79' lang='lat' dir='ltr'>femina</span> <span class='ocrx_word' id='word_1_115' title='bbox 805 1773 837 1833; x_wconf 89' lang='lat' dir='ltr'>et</span> <span class='ocrx_word' id='word_1_116' title='bbox 867 1768 1104 1834; x_wconf 81' lang='lat' dir='ltr'>conversatione</span> <span class='ocrx_word' id='word_1_117' title='bbox 1131 1771 1164 1833; x_wconf 87' lang='lat' dir='ltr'>et</span> <span class='ocrx_word' id='word_1_118' title='bbox 1192 1770 1275 1833; x_wconf 87' lang='lat' dir='ltr'>etate</span> <span class='ocrx_word' id='word_1_119' title='bbox 1302 1763 1482 1847; x_wconf 80' lang='lat' dir='ltr'>iuvenculs,</span> 
     </span>
     <span class='ocr_line' id='line_1_15' title="bbox 313 1880 1482 1972; baseline -0.001 -23"><span class='ocrx_word' id='word_1_120' title='bbox 313 1883 505 1950; x_wconf 83' lang='lat' dir='ltr'>amatoribus</span> <span class='ocrx_word' id='word_1_121' title='bbox 540 1883 606 1949; x_wconf 87' lang='lat' dir='ltr'>suis</span> <span class='ocrx_word' id='word_1_122' title='bbox 639 1889 712 1971; x_wconf 92' lang='lat' dir='ltr'>post</span> <span class='ocrx_word' id='word_1_123' title='bbox 744 1884 795 1950; x_wconf 88' lang='lat' dir='ltr'>sui</span> <span class='ocrx_word' id='word_1_124' title='bbox 829 1884 1057 1972; x_wconf 78' lang='lat' dir='ltr'>depositionem</span> <span class='ocrx_word' id='word_1_125' title='bbox 1085 1883 1125 1949; x_wconf 94' lang='lat' dir='ltr'>de</span> <span class='ocrx_word' id='word_1_126' title='bbox 1148 1882 1302 1950; x_wconf 78' lang='lat' dir='ltr'>reditibus</span> <span class='ocrx_word' id='word_1_127' title='bbox 1329 1880 1482 1948; x_wconf 82' lang='lat' dir='ltr'>ecelesiae</span> 
     </span>
     <span class='ocr_line' id='line_1_16' title="bbox 311 1998 1482 2085; baseline -0.001 -20"><span class='ocrx_word' id='word_1_128' title='bbox 311 1998 397 2065; x_wconf 86' lang='lat' dir='ltr'>illius</span> <span class='ocrx_word' id='word_1_129' title='bbox 430 1999 501 2085; x_wconf 91' lang='lat' dir='ltr'>plus</span> <span class='ocrx_word' id='word_1_130' title='bbox 536 2019 631 2085; x_wconf 91' lang='lat' dir='ltr'>quam</span> <span class='ocrx_word' id='word_1_131' title='bbox 665 2000 705 2067; x_wconf 90' lang='lat' dir='ltr'>ad</span> <span class='ocrx_word' id='word_1_132' title='bbox 732 2005 860 2068; x_wconf 91' lang='lat' dir='ltr'>centurn</span> <span class='ocrx_word' id='word_1_133' title='bbox 886 2020 1013 2067; x_wconf 90' lang='lat' dir='ltr'>mansos</span> <span class='ocrx_word' id='word_1_134' title='bbox 1041 2000 1076 2066; x_wconf 90' lang='lat' dir='ltr'>in</span> <span class='ocrx_word' id='word_1_135' title='bbox 1102 1998 1251 2067; x_wconf 88' lang='lat' dir='ltr'>beneficio</span> <span class='ocrx_word' id='word_1_136' title='bbox 1279 1998 1482 2080; x_wconf 81' lang='lat' dir='ltr'>concesserit,</span> 
     </span>
     <span class='ocr_line' id='line_1_17' title="bbox 311 2112 1483 2203; baseline -0.001 -22"><span class='ocrx_word' id='word_1_137' title='bbox 311 2134 384 2181; x_wconf 91' lang='lat' dir='ltr'>cum</span> <span class='ocrx_word' id='word_1_138' title='bbox 411 2120 484 2182; x_wconf 90' lang='lat' dir='ltr'>ante</span> <span class='ocrx_word' id='word_1_139' title='bbox 512 2116 741 2203; x_wconf 88' lang='lat' dir='ltr'>depositionem</span> <span class='ocrx_word' id='word_1_140' title='bbox 769 2137 860 2183; x_wconf 91' lang='lat' dir='ltr'>suam</span> <span class='ocrx_word' id='word_1_141' title='bbox 885 2116 1026 2203; x_wconf 90' lang='lat' dir='ltr'>pessima</span> <span class='ocrx_word' id='word_1_142' title='bbox 1053 2115 1288 2183; x_wconf 87' lang='lat' dir='ltr'>conversatione</span> <span class='ocrx_word' id='word_1_143' title='bbox 1316 2119 1349 2181; x_wconf 89' lang='lat' dir='ltr'>et</span> <span class='ocrx_word' id='word_1_144' title='bbox 1377 2112 1483 2181; x_wconf 78' lang='lat' dir='ltr'>irreli-</span> 
     </span>
     <span class='ocr_line' id='line_1_18' title="bbox 311 2229 1482 2320; baseline -0.002 -22"><span class='ocrx_word' id='word_1_145' title='bbox 311 2232 401 2317; x_wconf 81' lang='lat' dir='ltr'>giosa</span> <span class='ocrx_word' id='word_1_146' title='bbox 422 2232 628 2319; x_wconf 87' lang='lat' dir='ltr'>promotione,</span> <span class='ocrx_word' id='word_1_147' title='bbox 652 2252 714 2318; x_wconf 88' lang='lat' dir='ltr'>qua</span> <span class='ocrx_word' id='word_1_148' title='bbox 737 2234 777 2298; x_wconf 91' lang='lat' dir='ltr'>ad</span> <span class='ocrx_word' id='word_1_149' title='bbox 800 2233 940 2301; x_wconf 78' lang='lat' dir='ltr'>disemus</span> <span class='ocrx_word' id='word_1_150' title='bbox 963 2232 1105 2300; x_wconf 88' lang='lat' dir='ltr'>abbatias</span> <span class='ocrx_word' id='word_1_151' title='bbox 1126 2237 1273 2320; x_wconf 88' lang='lat' dir='ltr'>promota</span> <span class='ocrx_word' id='word_1_152' title='bbox 1293 2236 1327 2297; x_wconf 87' lang='lat' dir='ltr'>ot</span> <span class='ocrx_word' id='word_1_153' title='bbox 1339 2251 1399 2317; x_wconf 90' lang='lat' dir='ltr'>pro</span> <span class='ocrx_word' id='word_1_154' title='bbox 1415 2229 1482 2297; x_wconf 88' lang='lat' dir='ltr'>suis</span> 
     </span>
     <span class='ocr_line' id='line_1_19' title="bbox 311 2346 1483 2434; baseline -0.001 -21"><span class='ocrx_word' id='word_1_155' title='bbox 311 2346 413 2434; x_wconf 91' lang='lat' dir='ltr'>culpis</span> <span class='ocrx_word' id='word_1_156' title='bbox 436 2353 541 2414; x_wconf 88' lang='lat' dir='ltr'>amota</span> <span class='ocrx_word' id='word_1_157' title='bbox 562 2348 674 2433; x_wconf 77' lang='lat' dir='ltr'>iuerat,</span> <span class='ocrx_word' id='word_1_158' title='bbox 698 2368 806 2415; x_wconf 92' lang='lat' dir='ltr'>omnes</span> <span class='ocrx_word' id='word_1_159' title='bbox 827 2349 992 2433; x_wconf 81' lang='lat' dir='ltr'>religiosos</span> <span class='ocrx_word' id='word_1_160' title='bbox 1013 2350 1097 2415; x_wconf 83' lang='lat' dir='ltr'>viros</span> <span class='ocrx_word' id='word_1_161' title='bbox 1112 2352 1238 2415; x_wconf 87' lang='lat' dir='ltr'>nostrae</span> <span class='ocrx_word' id='word_1_162' title='bbox 1252 2353 1356 2413; x_wconf 89' lang='lat' dir='ltr'>terrae</span> <span class='ocrx_word' id='word_1_163' title='bbox 1371 2354 1483 2413; x_wconf 72' lang='lat' dir='ltr'>conus</span> 
     </span>
     <span class='ocr_line' id='line_1_20' title="bbox 312 2464 1482 2552; baseline 0 -23"><span class='ocrx_word' id='word_1_164' title='bbox 312 2483 345 2531; x_wconf 88' lang='lat' dir='ltr'>se</span> <span class='ocrx_word' id='word_1_165' title='bbox 368 2464 561 2531; x_wconf 84' lang='lat' dir='ltr'>excitaverit.</span> <span class='ocrx_word' id='word_1_166' title='bbox 597 2464 687 2531; x_wconf 91' lang='lat' dir='ltr'>Unde</span> <span class='ocrx_word' id='word_1_167' title='bbox 707 2466 907 2532; x_wconf 75' lang='lat' dir='ltr'>obsecramus</span> <span class='ocrx_word' id='word_1_168' title='bbox 922 2466 1145 2552; x_wconf 88' lang='lat' dir='ltr'>paternitatem</span> <span class='ocrx_word' id='word_1_169' title='bbox 1159 2469 1307 2548; x_wconf 82' lang='lat' dir='ltr'>vestram,</span> <span class='ocrx_word' id='word_1_170' title='bbox 1330 2464 1482 2549; x_wconf 88' lang='lat' dir='ltr'>quatinus</span> 
     </span>
     <span class='ocr_line' id='line_1_21' title="bbox 310 2579 1482 2668; baseline 0.002 -23"><span class='ocrx_word' id='word_1_171' title='bbox 310 2580 469 2667; x_wconf 83' lang='lat' dir='ltr'>prelatum</span> <span class='ocrx_word' id='word_1_172' title='bbox 497 2580 658 2665; x_wconf 87' lang='lat' dir='ltr'>abbatem,</span> <span class='ocrx_word' id='word_1_173' title='bbox 689 2582 743 2667; x_wconf 92' lang='lat' dir='ltr'>qui</span> <span class='ocrx_word' id='word_1_174' title='bbox 770 2581 949 2649; x_wconf 89' lang='lat' dir='ltr'>huiusmodi</span> <span class='ocrx_word' id='word_1_175' title='bbox 977 2581 1187 2668; x_wconf 88' lang='lat' dir='ltr'>turpitudines</span> <span class='ocrx_word' id='word_1_176' title='bbox 1217 2579 1403 2648; x_wconf 85' lang='lat' dir='ltr'>submovere</span> <span class='ocrx_word' id='word_1_177' title='bbox 1431 2580 1482 2647; x_wconf 89' lang='lat' dir='ltr'>in·</span> 
     </span>
     <span class='ocr_line' id='line_1_22' title="bbox 310 2695 1481 2791; baseline 0.002 -30"><span class='ocrx_word' id='word_1_178' title='bbox 310 2697 411 2783; x_wconf 91' lang='lat' dir='ltr'>cepit,</span> <span class='ocrx_word' id='word_1_179' title='bbox 445 2696 622 2791; x_wconf 88' lang='lat' dir='ltr'>venientem</span> <span class='ocrx_word' id='word_1_180' title='bbox 651 2698 692 2764; x_wconf 88' lang='lat' dir='ltr'>ad</span> <span class='ocrx_word' id='word_1_181' title='bbox 720 2718 776 2765; x_wconf 81' lang='lat' dir='ltr'>ros</span> <span class='ocrx_word' id='word_1_182' title='bbox 806 2698 940 2782; x_wconf 75' lang='lat' dir='ltr'>benigne</span> <span class='ocrx_word' id='word_1_183' title='bbox 968 2696 1143 2765; x_wconf 86' lang='lat' dir='ltr'>exaudiatis</span> <span class='ocrx_word' id='word_1_184' title='bbox 1176 2702 1209 2765; x_wconf 92' lang='lat' dir='ltr'>et</span> <span class='ocrx_word' id='word_1_185' title='bbox 1240 2702 1306 2763; x_wconf 89' lang='lat' dir='ltr'>tam</span> <span class='ocrx_word' id='word_1_186' title='bbox 1340 2695 1481 2783; x_wconf 77' lang='lat' dir='ltr'>regalem</span> 
     </span>
     <span class='ocr_line' id='line_1_23' title="bbox 310 2810 1481 2900; baseline 0.002 -23"><span class='ocrx_word' id='word_1_187' title='bbox 310 2810 557 2879; x_wconf 88' lang='lat' dir='ltr'>munificentiam</span> <span class='ocrx_word' id='word_1_188' title='bbox 586 2834 680 2899; x_wconf 91' lang='lat' dir='ltr'>quam</span> <span class='ocrx_word' id='word_1_189' title='bbox 706 2813 830 2881; x_wconf 89' lang='lat' dir='ltr'>labores</span> <span class='ocrx_word' id='word_1_190' title='bbox 859 2835 948 2899; x_wconf 89' lang='lat' dir='ltr'>suos,</span> <span class='ocrx_word' id='word_1_191' title='bbox 975 2833 1053 2900; x_wconf 85' lang='lat' dir='ltr'>qnos</span> <span class='ocrx_word' id='word_1_192' title='bbox 1080 2814 1116 2880; x_wconf 92' lang='lat' dir='ltr'>in</span> <span class='ocrx_word' id='word_1_193' title='bbox 1143 2812 1348 2881; x_wconf 89' lang='lat' dir='ltr'>restauranda</span> <span class='ocrx_word' id='word_1_194' title='bbox 1371 2812 1481 2879; x_wconf 82' lang='lat' dir='ltr'>divina</span> 
     </span>
     <span class='ocr_line' id='line_1_24' title="bbox 310 2927 1479 3015; baseline 0.002 -22"><span class='ocrx_word' id='word_1_195' title='bbox 310 2927 461 3012; x_wconf 81' lang='lat' dir='ltr'>religione</span> <span class='ocrx_word' id='word_1_196' title='bbox 488 2929 645 3015; x_wconf 88' lang='lat' dir='ltr'>inpendit,</span> <span class='ocrx_word' id='word_1_197' title='bbox 675 2934 780 2996; x_wconf 86' lang='lat' dir='ltr'>vestra</span> <span class='ocrx_word' id='word_1_198' title='bbox 809 2932 996 2997; x_wconf 88' lang='lat' dir='ltr'>anctoritate</span> <span class='ocrx_word' id='word_1_199' title='bbox 1020 2928 1210 2998; x_wconf 88' lang='lat' dir='ltr'>confirmetis</span> <span class='ocrx_word' id='word_1_200' title='bbox 1232 2934 1265 2997; x_wconf 90' lang='lat' dir='ltr'>et</span> <span class='ocrx_word' id='word_1_201' title='bbox 1285 2928 1427 2997; x_wconf 91' lang='lat' dir='ltr'>studium</span> <span class='ocrx_word' id='word_1_202' title='bbox 1448 2928 1479 2996; x_wconf 91' lang='lat' dir='ltr'>ei</span> 
     </span>
     <span class='ocr_line' id='line_1_25' title="bbox 309 3043 1283 3132; baseline 0.002 -23"><span class='ocrx_word' id='word_1_203' title='bbox 309 3044 395 3110; x_wconf 87' lang='lat' dir='ltr'>circa</span> <span class='ocrx_word' id='word_1_204' title='bbox 416 3043 535 3111; x_wconf 90' lang='lat' dir='ltr'>cultum</span> <span class='ocrx_word' id='word_1_205' title='bbox 559 3044 707 3112; x_wconf 88' lang='lat' dir='ltr'>ecclesiae</span> <span class='ocrx_word' id='word_1_206' title='bbox 729 3052 837 3114; x_wconf 85' lang='lat' dir='ltr'>vestra</span> <span class='ocrx_word' id='word_1_207' title='bbox 858 3047 1070 3115; x_wconf 84' lang='lat' dir='ltr'>benivolentia</span> <span class='ocrx_word' id='word_1_208' title='bbox 1091 3047 1283 3132; x_wconf 82' lang='lat' dir='ltr'>adaugeatis.</span> 
     </span>
    </p>
   </div>
   <div class='ocr_carea' id='block_1_3' title="bbox 314 3279 1479 3487">
    <p class='ocr_par' dir='ltr' id='par_1_3' title="bbox 314 3279 1479 3487">
     <span class='ocr_line' id='line_1_26' title="bbox 314 3279 1478 3377; baseline 0.007 -28"><span class='ocrx_word' id='word_1_209' title='bbox 314 3279 374 3352; x_wconf 80' lang='grc'>73.</span> <span class='ocrx_word' id='word_1_210' title='bbox 398 3284 605 3351; x_wconf 78' lang='lat' dir='ltr'>Wormuodua</span> <span class='ocrx_word' id='word_1_211' title='bbox 634 3287 729 3353; x_wconf 82' lang='lat' dir='ltr'>abbas</span> <span class='ocrx_word' id='word_1_212' title='bbox 752 3285 786 3353; x_wconf 83' lang='lat' dir='ltr'>S.</span> <span class='ocrx_word' id='word_1_213' title='bbox 807 3288 908 3354; x_wconf 69' lang='lat' dir='ltr'>Blasii</span> <span class='ocrx_word' id='word_1_214' title='bbox 928 3290 1170 3356; x_wconf 73' lang='lat' dir='ltr'>Nortbeimeast&#39;e</span> <span class='ocrx_word' id='word_1_215' title='bbox 1190 3288 1335 3376; x_wconf 68' lang='lat' dir='ltr'>depereo</span> <span class='ocrx_word' id='word_1_216' title='bbox 1349 3288 1405 3356; x_wconf 87' lang='grc' dir='ltr'>ΙΙΙ</span> <span class='ocrx_word' id='word_1_217' title='bbox 1415 3313 1478 3377; x_wconf 80' lang='lat' dir='ltr'>pc·</span> 
     </span>
     <span class='ocr_line' id='line_1_27' title="bbox 398 3400 1479 3487; baseline 0.005 -21"><span class='ocrx_word' id='word_1_218' title='bbox 398 3424 461 3487; x_wconf 83' lang='lat' dir='ltr'>pce</span> <span class='ocrx_word' id='word_1_219' title='bbox 483 3400 657 3467; x_wconf 80' lang='lat' dir='ltr'>Wo&#39;baldum</span> <span class='ocrx_word' id='word_1_220' title='bbox 680 3405 880 3469; x_wconf 75' lang='lat' dir='ltr'>commendat.</span> <span class='ocrx_word' id='word_1_221' title='bbox 1339 3402 1395 3487; x_wconf 78' lang='lat' dir='ltr'>(M.</span> <span class='ocrx_word' id='word_1_222' title='bbox 1412 3404 1479 3485; x_wconf 78' lang='grc'>61.)</span> 
     </span>
    </p>
   </div>
   <div class='ocr_carea' id='block_1_4' title="bbox 214 3531 1480 3622">
    <p class='ocr_par' dir='ltr' id='par_1_4' title="bbox 214 3531 1480 3622">
     <span class='ocr_line' id='line_1_28' title="bbox 214 3531 1480 3622; baseline 0.006 -24"><span class='ocrx_word' id='word_1_223' title='bbox 214 3544 283 3599; x_wconf 77' lang='grc'><strong>1147</strong></span> <span class='ocrx_word' id='word_1_224' title='bbox 398 3531 663 3600; x_wconf 80' lang='lat' dir='ltr'>Reverentissimo</span> <span class='ocrx_word' id='word_1_225' title='bbox 689 3536 774 3621; x_wconf 84' lang='lat' dir='ltr'>patri</span> <span class='ocrx_word' id='word_1_226' title='bbox 802 3555 839 3603; x_wconf 89' lang='lat' dir='ltr'>ac</span> <span class='ocrx_word' id='word_1_227' title='bbox 867 3536 993 3603; x_wconf 91' lang='lat' dir='ltr'>domino</span> <span class='ocrx_word' id='word_1_228' title='bbox 1020 3538 1161 3622; x_wconf 82' lang='lat' dir='ltr'>Eugenio</span> <span class='ocrx_word' id='word_1_229' title='bbox 1188 3556 1310 3605; x_wconf 90' lang='lat' dir='ltr'>summo</span> <span class='ocrx_word' id='word_1_230' title='bbox 1342 3543 1377 3605; x_wconf 88' lang='lat' dir='ltr'>et</span> <span class='ocrx_word' id='word_1_231' title='bbox 1408 3539 1480 3605; x_wconf 90' lang='lat' dir='ltr'>uni·</span> 
     </span>
    </p>
   </div>
   <div class='ocr_carea' id='block_1_5' title="bbox 204 3618 293 3667">
    <p class='ocr_par' dir='ltr' id='par_1_5' title="bbox 204 3618 293 3667">
     <span class='ocr_line' id='line_1_29' title="bbox 204 3618 293 3667; baseline 0.022 -2"><span class='ocrx_word' id='word_1_232' title='bbox 204 3632 224 3665; x_wconf 89' lang='lat' dir='ltr'>c.</span> <span class='ocrx_word' id='word_1_233' title='bbox 237 3618 293 3667; x_wconf 86' lang='lat' dir='ltr'>Dec.</span> 
     </span>
    </p>
   </div>
   <div class='ocr_carea' id='block_1_6' title="bbox 310 3647 1480 3951">
    <p class='ocr_par' dir='ltr' id='par_1_6' title="bbox 310 3647 1480 3951">
     <span class='ocr_line' id='line_1_30' title="bbox 310 3647 1480 3740; baseline 0.007 -26"><span class='ocrx_word' id='word_1_234' title='bbox 310 3647 426 3715; x_wconf 86' lang='lat' dir='ltr'>versali</span> <span class='ocrx_word' id='word_1_235' title='bbox 446 3648 589 3735; x_wconf 88' lang='lat' dir='ltr'>pontifici</span> <span class='ocrx_word' id='word_1_236' title='bbox 610 3648 847 3735; x_wconf 72' lang='lat' dir='ltr'>wormundus)</span> <span class='ocrx_word' id='word_1_237' title='bbox 870 3651 931 3719; x_wconf 91' lang='lat' dir='ltr'>Dei</span> <span class='ocrx_word' id='word_1_238' title='bbox 953 3655 1056 3738; x_wconf 78' lang='lat' dir='ltr'>gratia</span> <span class='ocrx_word' id='word_1_239' title='bbox 1076 3655 1110 3721; x_wconf 92' lang='lat' dir='ltr'>id</span> <span class='ocrx_word' id='word_1_240' title='bbox 1132 3654 1215 3740; x_wconf 93' lang='lat' dir='ltr'>quod</span> <span class='ocrx_word' id='word_1_241' title='bbox 1237 3659 1301 3738; x_wconf 89' lang='lat' dir='ltr'>est,</span> <span class='ocrx_word' id='word_1_242' title='bbox 1327 3654 1480 3722; x_wconf 83' lang='lat' dir='ltr'>eeclesiae</span> 
     </span>
     <span class='ocr_line' id='line_1_31' title="bbox 310 3760 1480 3855; baseline 0.005 -24"><span class='ocrx_word' id='word_1_243' title='bbox 310 3763 395 3831; x_wconf 87' lang='lat' dir='ltr'>beati</span> <span class='ocrx_word' id='word_1_244' title='bbox 416 3760 531 3830; x_wconf 78' lang='lat' dir='ltr'>Blasii³</span> <span class='ocrx_word' id='word_1_245' title='bbox 555 3765 683 3832; x_wconf 89' lang='lat' dir='ltr'>humilis</span> <span class='ocrx_word' id='word_1_246' title='bbox 709 3766 869 3852; x_wconf 88' lang='lat' dir='ltr'>minister,</span> <span class='ocrx_word' id='word_1_247' title='bbox 897 3770 1045 3855; x_wconf 77' lang='lat' dir='ltr'>quitquid</span> <span class='ocrx_word' id='word_1_248' title='bbox 1067 3770 1153 3838; x_wconf 80' lang='lat' dir='ltr'>valet</span> <span class='ocrx_word' id='word_1_249' title='bbox 1172 3770 1280 3838; x_wconf 89' lang='lat' dir='ltr'>debita</span> <span class='ocrx_word' id='word_1_250' title='bbox 1299 3769 1480 3838; x_wconf 86' lang='lat' dir='ltr'>obedientia</span> 
     </span>
     <span class='ocr_line' id='line_1_32' title="bbox 310 3880 944 3951; baseline 0.006 -4"><span class='ocrx_word' id='word_1_251' title='bbox 310 3886 343 3947; x_wconf 90' lang='lat' dir='ltr'>et</span> <span class='ocrx_word' id='word_1_252' title='bbox 365 3880 586 3948; x_wconf 80' lang='lat' dir='ltr'>devotissimae</span> <span class='ocrx_word' id='word_1_253' title='bbox 609 3882 759 3948; x_wconf 87' lang='lat' dir='ltr'>orationis</span> <span class='ocrx_word' id='word_1_254' title='bbox 783 3882 944 3951; x_wconf 70' lang='lat' dir='ltr'>memnba</span> 
     </span>
    </p>
   </div>
   <div class='ocr_carea' id='block_1_7' title="bbox 398 3997 1479 4085">
    <p class='ocr_par' dir='ltr' id='par_1_7' title="bbox 398 3997 1479 4085">
     <span class='ocr_line' id='line_1_33' title="bbox 398 3997 1479 4085; baseline 0.008 -23"><span class='ocrx_word' id='word_1_255' title='bbox 398 3997 488 4076; x_wconf 84' lang='lat' dir='ltr'>Quod</span> <span class='ocrx_word' id='word_1_256' title='bbox 520 3997 669 4064; x_wconf 90' lang='lat' dir='ltr'>dilectum</span> <span class='ocrx_word' id='word_1_257' title='bbox 696 4004 820 4085; x_wconf 89' lang='lat' dir='ltr'>patrem</span> <span class='ocrx_word' id='word_1_258' title='bbox 848 4005 993 4067; x_wconf 88' lang='lat' dir='ltr'>nostrum</span> <span class='ocrx_word' id='word_1_259' title='bbox 1015 4000 1195 4069; x_wconf 86' lang='lat' dir='ltr'>Wibaldam</span> <span class='ocrx_word' id='word_1_260' title='bbox 1224 4001 1375 4071; x_wconf 87' lang='lat' dir='ltr'>eeclesiae</span> <span class='ocrx_word' id='word_1_261' title='bbox 1402 4002 1479 4071; x_wconf 85' lang='lat' dir='ltr'>Gor·</span> 
     </span>
    </p>
   </div>
   <div class='ocr_carea' id='block_1_8' title="bbox 308 4155 1477 4393">
    <p class='ocr_par' dir='ltr' id='par_1_8' title="bbox 308 4155 1477 4393">
     <span class='ocr_line' id='line_1_34' title="bbox 379 4155 1477 4231; baseline 0.005 -20"><span class='ocrx_word' id='word_1_262' title='bbox 379 4155 406 4211; x_wconf 91' lang='grc'>1.</span> <span class='ocrx_word' id='word_1_263' title='bbox 429 4158 478 4211; x_wconf 89' lang='lat' dir='ltr'>aut</span> <span class='ocrx_word' id='word_1_264' title='bbox 501 4155 656 4211; x_wconf 85' lang='lat' dir='ltr'>Hartrricus</span> <span class='ocrx_word' id='word_1_265' title='bbox 678 4160 726 4211; x_wconf 88' lang='lat' dir='ltr'>aut</span> <span class='ocrx_word' id='word_1_266' title='bbox 749 4156 930 4213; x_wconf 81' lang='lat' dir='ltr'>Hermannus</span> <span class='ocrx_word' id='word_1_267' title='bbox 964 4158 1000 4214; x_wconf 86' lang='lat' dir='ltr'>V.</span> <span class='ocrx_word' id='word_1_268' title='bbox 1023 4159 1144 4231; x_wconf 85' lang='lat' dir='ltr'>liooyori</span> <span class='ocrx_word' id='word_1_269' title='bbox 1166 4159 1321 4231; x_wconf 77' lang='lat' dir='ltr'>catalogum</span> <span class='ocrx_word' id='word_1_270' title='bbox 1345 4159 1477 4217; x_wconf 83' lang='lat' dir='ltr'>abbatum</span> 
     </span>
     <span class='ocr_line' id='line_1_35' title="bbox 308 4242 1476 4308; baseline 0.008 -9"><span class='ocrx_word' id='word_1_271' title='bbox 308 4242 563 4301; x_wconf 81' lang='lat' dir='ltr'>Flecbdon&#39;ensium</span> <span class='ocrx_word' id='word_1_272' title='bbox 581 4245 611 4299; x_wconf 94' lang='lat' dir='ltr'>in</span> <span class='ocrx_word' id='word_1_273' title='bbox 623 4244 730 4301; x_wconf 84' lang='lat' dir='ltr'>Erbard</span> <span class='ocrx_word' id='word_1_274' title='bbox 741 4246 799 4301; x_wconf 88' lang='lat' dir='ltr'>und</span> <span class='ocrx_word' id='word_1_275' title='bbox 810 4248 988 4303; x_wconf 76' lang='lat' dir='ltr'>Rosenhana</span> <span class='ocrx_word' id='word_1_276' title='bbox 998 4247 1158 4306; x_wconf 73' lang='lat' dir='ltr'>Zeiteohriit</span> <span class='ocrx_word' id='word_1_277' title='bbox 1168 4248 1245 4306; x_wconf 86' lang='lat' dir='ltr'><strong>VIII.</strong></span> <span class='ocrx_word' id='word_1_278' title='bbox 1256 4250 1302 4305; x_wconf 84' lang='lat' dir='ltr'>bt).</span> <span class='ocrx_word' id='word_1_279' title='bbox 1354 4250 1382 4305; x_wconf 57' lang='grc' dir='ltr'>ἲ.</span> <span class='ocrx_word' id='word_1_280' title='bbox 1398 4264 1476 4308; x_wconf 81' lang='lat' dir='ltr'>cocu.</span> 
     </span>
     <span class='ocr_line' id='line_1_36' title="bbox 308 4332 933 4393; baseline 0.01 -6"><span class='ocrx_word' id='word_1_281' title='bbox 308 4332 590 4391; x_wconf 81' lang='lat' dir='ltr'>dPaderbomensIs.</span> <span class='ocrx_word' id='word_1_282' title='bbox 661 4335 688 4391; x_wconf 84' lang='grc'>3.</span> <span class='ocrx_word' id='word_1_283' title='bbox 705 4333 933 4393; x_wconf 84' lang='lat' dir='ltr'>Nortlreimeusis.</span> 
     </span>
    </p>
   </div>
   <div class='ocr_carea' id='block_1_9' title="bbox 0 0 1564 4859">
    <p class='ocr_par' dir='ltr' id='par_1_9' title="bbox 0 0 1564 4859">
     <span class='ocr_line' id='line_1_37' title="bbox 0 0 1564 4859; baseline 0 2"><span class='ocrx_word' id='word_1_284' title='bbox 0 0 1564 4859; x_wconf 95' lang='lat' dir='ltr'> </span> 
     </span>
    </p>
   </div>
  </div>
 </body>
</html>
