3117 4859
434 262 584 313 vmaunr
603 262 770 313 nrmrona
792 262 845 311 ree.
1157 244 1222 313 2811

63 404 216 488 uuum
246 423 339 473 onme
364 403 491 474 leodum
517 406 568 473 vel
594 404 780 475 beneficium
806 404 941 473 liberum
968 405 1018 472 vel
1045 404 1223 473 absolutum
1246 410 1315 467 1146

61 522 139 606 iore,
165 520 221 589 ubi
242 542 345 589 mares
367 541 431 589 non
452 523 655 591 succederent
675 523 834 610 petribus3
865 522 1027 589 servitium
1049 522 1133 607 regis
1156 484 1289 589 466ΝΟ

62 639 93 705 46
113 638 313 725 expeditione
334 658 430 725 quem
450 639 485 705 in
506 640 595 707 curia
617 638 762 707 adeunda
783 639 846 705 64
837 659 871 705 6
888 638 1037 724 hospiciis
1051 658 1222 726 procuran-

61 754 107 821 46
134 754 323 837 exuberare;
350 755 482 823 fratrem
509 754 600 823 illum
620 755 821 839 Heinriaum,
848 754 887 821 de
914 774 976 840 quo
1002 774 1086 823 nuno
1107 754 1222 839 agitur,

60 871 208 939 iudicium
221 870 283 939 Dei
304 876 338 939 et
357 892 433 941 6666
455 871 659 958 depositionis
675 872 867 939 sentenciam
882 871 1042 957 pacienter
1057 871 1222 955 sustinere,

60 986 162 1075 ipsum
185 1008 309 1075 quoque
330 988 545 1057 desideranter
568 988 661 1071 616644
682 988 853 1055 adventurn
875 993 1056 1074 expectare,
1083 986 1222 1071 gauden-

59 1108 136 1188 tsm‚
166 1104 251 1189 quod
273 1104 380 1173 nullus
402 1125 525 1190 eorum,
553 1105 607 1191 qui
629 1105 659 1171 ei
680 1104 840 1172 adversati
860 1102 1000 1188 fueraut,
1028 1104 1220 1185 succederet3

60 1218 253 1289 Strbulensis
273 1222 459 1289 monasterii
479 1221 636 1289 delectum
654 1221 694 1288 de
708 1220 903 1308 plenitudine
918 1219 1115 1287 Oorbeiensis
1130 1240 1223 1307 posse

59 1336 244 1405 submoveri
314 1336 417 1407 Locus
439 1338 568 1425 quidam
589 1337 727 1405 invidiae
747 1336 923 1421 videbatur,
945 1343 1069 1424 patrem
1091 1357 1128 1403 66
1149 1356 1223 1424 pro-

59 1454 194 1521 visorem
219 1454 318 1521 466446
345 1461 378 1523 64
403 1460 471 1523 tem
497 1455 668 1543 insperatis
695 1455 786 1523 bouis
809 1453 890 1521 velle
912 1452 1068 1537 fraudari,
1096 1472 1167 1521 oum
1189 1453 1224 1519 in

58 1569 207 1639 66614646
228 1570 424 1639 Stebulensis
452 1571 622 1641 6666166466
647 1571 729 1639 nihil
755 1570 842 1637 aliud
868 1570 931 1637 nisi
957 1568 1047 1636 labor
1075 1574 1108 1636 et
1136 1568 1224 1637 dolor

59 1685 234 1755 laceretur.
266 1686 467 1757 horedibilia
487 1694 595 1756 tamen
615 1688 694 1757 haee
707 1687 904 1771 videbantur,
928 1691 1022 1771 etque
1036 1685 1107 1755 ideo
1121 1686 1223 1771 nobis,

57 1801 121 1873 iam
139 1803 184 1871 ad
205 1824 297 1871 suum
318 1804 509 1891 colloquium
527 1806 693 1890 revocatis,
715 1804 881 1873 consilium
898 1803 1053 1871 subeundi
1067 1804 1224 1873 sarcinam

58 1919 242 2006 prelationis
264 1921 322 1989 sub
344 1920 403 1989 tali
417 1922 633 1989 moderatione
654 1921 823 1989 dederunt:
847 1918 1050 2006 6464614664,
1074 1919 1224 2006 quemad-

58 2038 187 2105 modum
208 2043 409 2124 acceperant,
431 2058 538 2106 rerum
559 2044 661 2107 status
684 2038 769 2125 epud
791 2038 995 2105 Gorbeienses
1018 2037 1221 2105 inveniretur.

143 2152 281 2221 Multum
300 2154 408 2240 itaque
429 2155 636 2223 renitentibus
657 2154 780 2240 legalis,
803 2176 902 2223 unum
924 2154 963 2223 de
987 2152 1224 2221 Stabulensibus

57 2268 235 2354 monacbis,
263 2270 393 2339 166666
418 2270 540 2339 66414664
558 2270 758 2357 Η64664666ι,
786 2272 890 2339 virum
911 2272 1020 2356 utique
1043 2269 1225 2338 excellentis

57 2385 178 2471 ingenii
199 2390 232 2453 64
251 2387 439 2473 prudentiae
460 2408 497 2455 ac
519 2387 672 2472 singulari
693 2389 873 2455 6666466446
891 2387 1060 2476 preditum,
1083 2408 1156 2455 eum
1172 2386 1225 2453 lit·

57 2506 198 2569 terarum
220 2509 400 2571 nostrarum
421 2505 620 2573 attestatione
643 2504 808 2572 corbeiam
831 2505 1014 2588 direximus,
1041 2504 1096 2590 qui
1118 2501 1226 2570 subtili
1315 2490 1318 2503 ’

56 2617 261 2704 inquisitione
287 2620 455 2705 diligenter
479 2621 684 2705 investigaret
711 2621 751 2687 de
778 2626 845 2687 toto
874 2620 1033 2689 electionis
1056 2619 1166 2687 ordine
1195 2622 1227 2686 64

57 2734 206 2803 universe
230 2756 338 2804 verum
360 2736 557 2805 corbeiensis
584 2736 707 2804 cenobii
735 2736 895 2823 qualitate.
971 2736 1106 2803 Veniens
1129 2735 1226 2819 igitur

57 2849 234 2936 (imbeiam,
256 2859 421 2940 susceptus
443 2859 493 2921 est
513 2854 553 2921 ab
575 2853 720 2921 omnibus
742 2852 880 2920 officiose
903 2858 934 2919 64
953 2852 1163 2937 congaudio,
1187 2871 1226 2917 ex
1242 2866 1300 2915 rev,

9 3057 11 3066 y
57 2986 93 3035 eo
119 2974 230 3037 tamen
256 2969 323 3037 solo
351 2970 544 3055 dolentibus,
573 2970 657 3056 quod
685 2970 837 3039 adventus
866 2974 973 3037 noster
1000 2967 1225 3055 aliquomodo

56 3084 252 3153 tardabatur.
291 3086 398 3172 Atque
432 3107 504 3155 cnm
532 3087 567 3153 in
594 3088 752 3155 communi
778 3088 914 3154 fratrum
941 3090 1032 3153 coetu
1059 3089 1143 3153 66664
1171 3084 1226 3151 ad·

56 3202 190 3286 missus,
218 3200 338 3269 nullam
359 3204 481 3271 invenit
505 3204 541 3271 in
562 3209 631 3271 tota
652 3203 813 3271 electionis
836 3204 958 3271 actione
981 3202 1225 3283 dissonantiam

57 3323 113 3403 set,
136 3316 267 3385 excluso
289 3319 453 3407 precipitio
476 3340 513 3387 66
527 3319 689 3387 temerarii
702 3320 791 3387 verbi
806 3319 856 3387 vel
872 3325 959 3387 66466
971 3320 1063 3404 violo,
1087 3319 1227 3385 omnium

56 3437 178 3521 pariter
203 3441 280 3503 vote
300 3436 539 3504 concordabant
574 3436 783 3505 Observatum
805 3441 855 3503 ost
876 3456 1000 3503 summa
1021 3434 1158 3519 6664616,
1186 3455 1226 3503 66

55 3550 263 3637 intelligeret,
292 3551 382 3619 illum
409 3552 559 3620 domnum
580 3551 765 3619 Heinrioum
792 3554 856 3619 466
882 3552 978 3619 luisse
999 3552 1132 3619 Romam
1154 3570 1227 3639 pro·

57 3666 174 3737 1664646
198 3669 240 3736 64
260 3668 470 3755 reparandam
491 3689 619 3737 666666
640 3688 730 3737 suam
759 3674 793 3735 et
819 3668 861 3736 64
888 3668 1109 3756 repetendam·
1131 3667 1227 3735 abba·

57 3784 149 3868 tiam;
179 3785 340 3872 quinium
362 3806 403 3853 ex
424 3785 537 3870 legetis
559 3805 617 3873 pro
640 3790 726 3853 certo
748 3791 981 3874 compararent,
1008 3786 1091 3872 quod
1113 3785 1153 3851 ad
1175 3804 1226 3851 ros

58 3900 152 3969 otiam
185 3906 272 3969 tutes
299 3922 363 3969 non
389 3902 501 3969 libenti
527 3902 633 3969 animo
661 3902 869 3987 migraremus
898 3922 956 3971 neo
983 3906 1140 3969 certamen
1168 3920 1226 3988 pro

57 4016 162 4104 dique
183 4018 359 4106 prelatione
382 4018 552 4086 obtinenda
573 4019 679 4087 subire
701 4018 861 4087 vellemus.
932 4018 1092 4087 Romiesus
1116 4022 1164 4085 est
1186 4016 1227 4085 ad

57 4150 113 4203 nos
145 4134 310 4223 prediatus
341 4136 441 4203 166466
473 4141 581 4203 noster
612 4154 686 4203 cum
718 4135 833 4203 litteris
862 4132 1046 4217 6666166466,
1080 4152 1160 4219 quae
1187 4133 1226 4201 de

59 4250 199 4319 omnium
220 4251 377 4319 desiderio
400 4256 432 4319 64
453 4252 631 4319 coniventia
651 4252 736 4321 eirea
757 4257 899 4319 nostrum
919 4268 1086 4337 personam
1101 4249 1226 4338 plenius

127 4409 150 4443 6.
169 4394 346 4455 rep...ndic.
