3117 4859
455 318 604 365 urmmmr
625 316 791 367 uersuorn
813 317 866 365 res.
1176 302 1242 369 267

76 458 135 527 Dei
148 460 255 544 grstia
268 459 313 544 id
336 459 420 545 quod
442 459 540 526 estin
555 457 706 525 aecclesia
721 458 884 543 catholica,
899 466 1038 544 ungento
1052 462 1139 546 unp,
1162 462 1245 547 quod
1262 466 1332 523 1149

74 576 113 645 de
136 577 242 663 capite
265 575 427 643 descendit
448 576 483 643 in
505 574 646 659 barbam,
669 574 802 641 barbam
822 575 932 643 Aaron
940 572 958 643 ¹.

162 692 302 761 Veniens
330 692 371 760 ad
398 710 456 761 nos
485 690 673 759 venerabilis
700 691 799 759 trater
826 697 933 761 noster
960 692 1058 775 Atdol
1079 691 1245 761 Hersevel·

4 817 6 825 '
73 803 200 877 densis'
223 809 335 894 abbas,
358 808 467 877 multis
489 808 641 875 iratribus
664 811 695 875 et
717 808 920 877 coabbatibus
940 810 1068 894 nostris,
1091 810 1146 896 qui
1168 808 1244 877 Gor·

74 926 163 993 boiae
179 930 400 1010 convenerant,
415 924 651 993 lacrimabiliter
666 930 856 1010 conquestus
869 930 928 1009 est,
950 926 1035 1012 quod
1049 947 1070 992 a
1082 926 1244 993 monacbis

72 1042 138 1109 suis
163 1042 273 1111 multis
296 1043 339 1109 sit
359 1043 484 1109 iniuriis
507 1040 636 1109 affectus
659 1046 691 1107 et
712 1041 841 1109 taudem
855 1042 894 1109 de
909 1044 1100 1111 monastario
1115 1063 1172 1109 suo
1186 1064 1244 1130 per

72 1160 218 1245 ipsorum
239 1158 422 1227 violentiam
444 1158 611 1246 expulsus3
635 1159 717 1245 qnod
732 1159 958 1227 monasterium
979 1180 1064 1227 nuuc
1084 1159 1198 1227 alaico
1212 1165 1245 1226 ot

71 1276 236 1361 illiterato,
261 1276 315 1362 qui
338 1276 444 1343 abbati
466 1296 522 1341 sno
544 1276 626 1343 hauc
648 1276 802 1343 invidiam
824 1274 980 1360 conflauit,
1005 1281 1115 1343 contra
1135 1292 1245 1345 sacrae

71 1390 203 1477 regulae
226 1392 445 1459 auctoritatam
467 1396 605 1477 regatur.
640 1392 740 1471 Quam
755 1392 984 1479 querimoniam
1006 1413 1079 1459 cum
1093 1392 1134 1459 ad
1147 1392 1244 1479 pedes

72 1514 199 1577 rosnae
220 1507 416 1577 celsitudinis
438 1510 503 1577 iam
524 1509 705 1595 frequenter
726 1509 881 1593 retulerit,
903 1529 968 1576 non
987 1508 1090 1577 solum
1109 1529 1175 1577 nou
1197 1515 1246 1577 est

70 1627 105 1693 in
127 1646 191 1691 sua
212 1626 399 1693 necessitate
425 1626 565 1711 adiutus,
594 1632 643 1693 set
665 1626 760 1693 etiam
783 1626 957 1693 advesarii
978 1627 1029 1693 sui
1054 1630 1144 1693 tanto
1171 1629 1246 1694 suut

69 1741 323 1829 presmuptiouis
347 1742 461 1828 spiritu
483 1744 630 1827 animati,
658 1748 694 1809 ut
720 1744 758 1811 de
780 1744 850 1830 ipso
874 1744 913 1809 ad
936 1744 1056 1809 vicinas
1078 1740 1245 1811 aecclesias

70 1858 233 1945 quaedum
254 1858 398 1925 convicia
412 1863 444 1925 et
460 1859 576 1944 probra
590 1859 789 1928 conscribant
803 1896 846 1905 —
862 1864 1093 1946 contemptores
1107 1858 1244 1943 regulae,

70 1996 156 2061 quae
178 1974 331 2061 precipit:
354 1975 501 2043 honorari
520 1976 649 2043 abbates
665 1976 871 2061 amouacbia
895 1978 990 2043 etiam
1013 1977 1041 2043 si
1062 1977 1136 2062 ipsi,
1162 1976 1246 2060 quod

70 2091 174 2176 absit,
205 2090 298 2157 aliter
327 2096 438 2175 agant,
465 2110 524 2157 nec
554 2092 672 2178 absquo
692 2094 834 2181 ipsorum
856 2113 1011 2160 consensu
1031 2098 1065 2161 et
1084 2092 1246 2161 voluntate

70 2207 227 2295 epistolas
248 2207 324 2274 dare
338 2207 389 2275 vel
403 2203 560 2295 accipere¹
576 2244 618 2255 -
636 2214 729 2296 atque
750 2210 855 2294 ignari
872 2230 1037 2295 canonum,
1061 2210 1116 2294 qui
1137 2210 1245 2277 buius·

69 2324 161 2391 modi
184 2324 357 2411 scripturas
380 2325 438 2393 sub
460 2346 576 2410 magna
598 2326 793 2392 districtione
814 2326 1006 2393 interdicunt
1021 2332 1054 2393 et
1066 2326 1245 2393 auctoribus

69 2460 184 2508 omum
199 2441 386 2524 gramsrime
401 2442 679 2511 animadversionis
699 2463 817 2530 poenas
831 2444 996 2530 inponunt.
1030 2442 1152 2511 Vaoaut
1166 2442 1244 2527 ocio,

69 2564 102 2625 et
124 2556 201 2624 ideo
224 2557 435 2625 vociferantur
442 2554 463 2642 ⁴,
485 2558 627 2627 videntes
649 2560 803 2627 festucam
821 2560 856 2625 in
877 2559 966 2626 oculo
980 2559 1103 2627 abbatis
1126 2564 1159 2626 et
1179 2565 1245 2626 tra·

68 2675 145 2743 bem
168 2674 205 2741 in
228 2694 284 2741 suo
307 2693 372 2741 uon
394 2671 653 2745 considerantes‘.
699 2675 945 2763 Reprehendunt
971 2676 1133 2760 abbatem,
1161 2675 1246 2762 quod

67 2790 278 2859 insolentiam
300 2796 332 2857 et
353 2792 554 2858 meduanam
574 2792 798 2879 loquacitatem
824 2792 970 2859 monachi
995 2794 1046 2859 sui
1066 2812 1132 2859 una
1152 2792 1246 2879 alapa

67 2908 273 2996 represserit.
308 2906 397 2985 Quod
419 2913 452 2974 et
473 2928 531 2975 nos
553 2907 745 2975 laudandum
759 2914 998 2996 conputamus,
1020 2930 1092 2975 cum
1106 2910 1247 2997 potuerit

68 3026 150 3093 baec
172 3024 371 3112 presumptio
386 3024 601 3092 vehementius
615 3026 694 3092 bora
713 3031 746 3093 et
761 3026 929 3113 disciplina
941 3026 1080 3111 regulari
1103 3026 1143 3093 ad
1164 3025 1245 3093 mul·

67 3148 179 3209 torum
202 3141 429 3208 correctionem
451 3142 613 3209 vindicari.
650 3142 705 3209 Set
720 3143 842 3210 abbatis
859 3144 1135 3229 intemperantiam
1156 3147 1245 3210 tanto

68 3258 286 3326 accusationis
308 3258 446 3344 pondere
469 3265 676 3345 exaggerant,
704 3260 767 3346 ipsi
795 3260 971 3346 pacientiae
999 3266 1032 3327 et
1058 3259 1246 3327 humilitatis

68 3381 169 3461 atque
193 3373 390 3441 obedientiae
412 3374 612 3459 inmemores,
635 3380 666 3442 et
688 3376 723 3442 in
746 3396 807 3462 quo
822 3376 929 3462 ipsum
944 3376 1189 3463 reprehendunt,
1212 3398 1246 3444 so

68 3493 160 3579 ipsos
188 3489 347 3574 iudicant,
380 3509 445 3555 non
469 3491 654 3558 reducentes
690 3492 730 3559 ad
758 3493 958 3577 memoriam,
993 3493 1078 3579 quod
1106 3494 1247 3561 omnium

67 3606 302 3675 monachorum
316 3610 407 3693 pater
431 3612 462 3673 et
476 3607 539 3673 dux
555 3607 743 3675 Benedictus
763 3610 940 3695 inquietum
952 3611 1143 3677 monachum
1156 3611 1248 3696 virga
1366 3617 1369 3621 '

66 3718 296 3811 percusserit⁸‚
317 3742 375 3789 nec
395 3730 559 3811 sequentes
574 3724 730 3793 Libertini
749 3727 896 3793 monachi
911 3726 1100 3815 exemplum,
1123 3727 1163 3793 de
1185 3746 1246 3812 quo

67 3842 103 3907 in
118 3840 228 3927 primo
245 3838 440 3924 dialogorum
459 3841 544 3909 beati
559 3837 718 3927 Gregorii'
732 3842 859 3928 legitur,
882 3844 976 3930 quod
991 3865 1064 3910 cum
1079 3844 1119 3911 ab
1134 3843 1247 3911 abbate

68 3978 130 4023 suo
153 3977 214 4043 per
235 3977 364 4040 gravem
385 3958 581 4025 iracundiam
604 3958 739 4025 scabello
760 3960 960 4046 subpedaneo
976 3966 1059 4027 esset
1078 3980 1246 4047 percussus

68 4078 312 4160 tumentemque
341 4094 378 4141 ao
405 4074 535 4143 lividam
561 4076 675 4143 faciem
700 4076 846 4160 haberet,
873 4096 937 4143 non
960 4076 1063 4143 solum
1084 4079 1246 4164 pacienter

68 4190 162 4275 tulit,
193 4196 243 4256 set
264 4196 296 4257 et
319 4192 534 4277 querentibus,
562 4192 645 4259 unde
673 4192 734 4259 sibi
757 4192 938 4276 accidisset,
967 4198 1058 4259 tauta
1077 4193 1245 4261 uerborum

145 4305 171 4359 1.
191 4304 238 4359 Ps.
251 4304 311 4373 132,
323 4306 350 4359 2.
403 4306 428 4360 2.
447 4322 470 4361 s.
483 4304 716 4363 Rosenieldensis.
770 4308 797 4361 3.
815 4306 851 4361 V.
864 4306 976 4375 regulae
988 4305 1016 4362 S.
1028 4306 1173 4363 Benedicti
1191 4309 1244 4362 ci

70 4397 101 4448 et
119 4392 194 4448 aus
211 4409 240 4462 p.
254 4394 288 4448 16
299 4394 383 4450 etii.
452 4395 478 4450 4.
497 4394 584 4451 Exod.
597 4398 622 4464 5,
634 4398 660 4451 8.
733 4396 758 4451 5.
778 4396 845 4450 Luc.
860 4396 885 4464 6,
900 4395 945 4450 41.
1016 4396 1043 4451 6.
1060 4396 1096 4451 V.
1114 4395 1142 4452 S.
1160 4396 1244 4468 erog.

70 4480 139 4537 dial.
151 4482 180 4537 11
198 4496 222 4537 c
235 4483 262 4551 4,
280 4497 346 4552 opp.
357 4482 402 4539 ed.
413 4484 516 4541 Beued.
529 4484 557 4539 11
574 4500 601 4553 p.
615 4486 678 4541 221.
748 4486 776 4540 7.
794 4500 856 4553 cap.
867 4486 894 4553 2,
911 4500 975 4554 opp.
989 4485 1016 4540 11
1033 4501 1062 4555 p.
1076 4486 1136 4543 166.
