3117 4859
338 288 404 356 274
713 306 862 355 wmsrmr
881 303 1048 354 missen
1068 304 1122 353 sss.

242 452 310 507 1149
336 447 626 531 reconsiliarentur3
649 448 861 515 iuramentum
882 447 995 515 deinde
1010 446 1242 530 Th(eoderieus)
1263 446 1298 512 in
1317 444 1485 512 eisdemre·
1538 456 1544 473 ·

227 526 319 574 m
335 564 442 651 liquiis
464 569 630 651 prestaret,
653 564 736 650 quod
759 564 876 650 ubsque
898 568 932 631 et
944 562 1107 630 voluntate
1128 568 1222 649 etque
1240 562 1487 629 eoueeienfissur

335 680 467 748 domnus
491 681 586 747 nbbus
610 701 706 767 equos
729 700 802 747 suos
823 680 1028 767 perdidisset3
1050 678 1251 766 postmodum
1266 678 1395 761 iuraret,
1414 677 1488 763 quod

334 816 406 863 oum
438 797 552 863 domno
580 796 728 865 Heimioo
761 802 837 884 post
868 796 1096 883 depositionem
1122 797 1190 862 eius
1215 793 1489 861 reooneilistionem

334 912 453 979 nullum
479 913 605 996 feeerit3
639 912 804 979 duodecim
831 916 975 999 preterea
1002 912 1126 980 obsides
1154 911 1194 979 de
1220 910 1407 998 propinquis
1433 909 1490 975 suis

334 1029 448 1095 domno
478 1030 584 1097 abbati
611 1028 715 1113 deret,
745 1028 828 1114 qnod
854 1050 1015 1115 nunquam
1042 1029 1189 1114 deinceps
1216 1033 1327 1094 oontrn
1352 1026 1492 1092 domnum

335 1144 479 1212 abbatem
506 1144 558 1212 uel
584 1144 667 1211 sueto
694 1143 743 1211 vel
771 1145 901 1211 oonsilio
929 1144 1063 1212 scienter
1092 1148 1214 1229 ageret,
1243 1142 1326 1228 quod
1355 1140 1492 1208 sihuius

334 1261 512 1347 sponsionis
534 1261 747 1347 prevarieetor
762 1261 929 1347 aliquando
944 1262 1103 1344 existeret,
1124 1260 1182 1327 bos
1197 1260 1363 1327 duodeoim
1378 1257 1493 1325 obsides

335 1396 413 1462 eque
434 1382 470 1443 ut
490 1377 639 1443 domuum
659 1376 804 1444 abbatem
818 1377 962 1444 iuimioos
978 1382 1010 1443 et
1023 1376 1218 1444 adversarios
1234 1376 1374 1443 heberet
1433 1372 1494 1439 Hor
1553 1359 1554 1366 ἵ

334 1512 408 1577 ergo
423 1492 589 1559 eonsilium
605 1492 737 1559 domnus
754 1492 860 1578 abbas,
884 1494 1147 1580 quemadmodum
1160 1492 1361 1579 promiserat,
1378 1494 1495 1557 secutus

334 1614 391 1676 est.
423 1608 657 1691 Th(eoderions)
679 1609 819 1695 primum
839 1610 1050 1677 iuramentum
1073 1608 1221 1696 expleuit,
1243 1606 1384 1694 quodnd
1396 1606 1494 1688 R(ein·

333 1724 456 1806 herum)
490 1726 659 1812 pertinuit3
694 1726 866 1792 seeundum
895 1731 928 1793 et
955 1726 1084 1792 tertium
1111 1726 1339 1808 intumum,
1376 1743 1436 1809 que
1461 1721 1495 1787 sd

333 1841 482 1908 domuum
511 1842 657 1910 abbatem
685 1841 900 1928 pertinebant,
934 1862 993 1927 pro
1020 1842 1237 1908 misericordie
1264 1840 1363 1908 ebbus
1393 1842 1496 1926 sponte

334 1958 429 2025 etiem
451 1978 515 2024 nou
536 1964 665 2042 rogetus
681 1958 710 2025 ei
723 1957 857 2040 remisit,
880 1978 1020 2044 pugnum
1033 1958 1177 2044 utrisque
1190 1956 1368 2040 interdixit,
1391 1954 1497 2022 deinde

332 2074 419 2161 ipsos
442 2074 484 2141 ed
504 2074 640 2141 inrioem
662 2073 885 2140 reooueilisrit.
916 2072 1014 2140 Dedit
1026 2079 1253 2160 consequenter
1267 2071 1496 2153 Tbteoderieus)

333 2189 456 2257 obsides
483 2188 557 2257 fidei
586 2208 642 2256 sue
671 2188 836 2257 duodeeim
864 2209 904 2255 ex
931 2190 1116 2275 propinquis
1143 2190 1226 2273 suis,
1255 2188 1312 2255 bos
1340 2187 1495 2255 videlieet:

332 2305 541 2373 Fritherioum
560 2306 747 2392 dapiferum,
769 2303 942 2389 Eunonen,
966 2303 1192 2373 Godesouloum
1206 2305 1245 2372 de
1259 2303 1495 2384 Godelovesseu,

273 2464 275 2471 ι
331 2420 556 2507 Reimmerum,
568 2421 748 2488 Gonredum
760 2421 799 2488 de
809 2420 1085 2506 Amelmgessenq
1097 2420 1305 2505 Liuddugum,
1317 2420 1495 2488 Heinrieum

330 2537 461 2623 fratres,
483 2537 678 2623 Bertoldum,
700 2537 881 2605 Elverioum
903 2538 1059 2622 comitem,
1082 2537 1286 2605 Godeiridum
1308 2538 1348 2604 de
1370 2536 1494 2604 lluuel·

331 2654 431 2722 husen
458 2660 489 2723 et
517 2655 611 2739 duos,
641 2655 696 2739 qui
716 2658 880 2741 presentes
902 2674 967 2720 non
989 2660 1094 2738 eruut,
1122 2675 1200 2740 quos
1222 2655 1257 2720 in
1277 2653 1369 2721 brevi
1390 2674 1425 2720 se
1446 2651 1494 2719 nd·

331 2770 498 2839 duoturum
519 2771 675 2858 promisit,
691 2769 880 2837 Womonem
903 2770 942 2836 do
956 2769 1090 2855 Iesikbe,
1113 2770 1323 2854 Helmwigum
1343 2769 1383 2838 de
1399 2768 1495 2836 Godo·

330 2886 446 2955 lumen.
481 2886 599 2954 Deoem
621 2887 727 2971 igitur,
751 2886 807 2971 qui
827 2892 990 2972 presentes
1013 2892 1113 2972 erunt,
1138 2887 1214 2954 datu
1233 2884 1295 2953 fide
1318 2890 1352 2952 et
1373 2884 1495 2973 proprio

330 3022 427 3069 menn
453 3004 488 3069 iu
514 3023 644 3071 menum
677 3001 817 3086 abbatis,
845 3001 1030 3087 singillatim
1056 3022 1121 3069 une
1147 3002 1319 3089 sudemque
1345 3000 1495 3069 sententis

330 3119 558 3204 promiserunt:
582 3118 675 3204 quod,
699 3119 728 3184 si
750 3117 960 3186 Theodericus
981 3116 1076 3185 fidem
1098 3138 1189 3185 suum
1211 3124 1321 3185 eontm
1342 3138 1418 3185 eum
1434 3116 1494 3181 rio

330 3232 421 3318 leret,
444 3254 478 3300 se
499 3235 643 3301 inimicos
666 3238 698 3301 et
720 3233 928 3318 adversarios,
950 3234 1013 3300 nisi
1035 3234 1170 3318 gratiam
1192 3235 1260 3301 eius
1276 3235 1344 3302 sine
1358 3234 1492 3321 ipsorum

329 3348 509 3416 interventu
536 3351 705 3437 reciperet,
733 3350 850 3433 iugiter
871 3349 1035 3417 habiturus
1058 3356 1150 3417 esset.
1195 3350 1254 3417 His
1276 3370 1352 3434 ergo
1374 3349 1492 3416 fideius-

330 3464 452 3531 soribus
481 3466 539 3532 sub
566 3466 626 3534 bno
654 3466 833 3533 eonditione
854 3467 1006 3553 receptis,
1034 3468 1168 3534 domnus
1189 3466 1286 3534 ebbus
1309 3464 1492 3534 Theoderioo

329 3581 465 3663 grstium
487 3600 576 3648 suem
598 3583 746 3668 reddidit,
773 3588 806 3649 et
827 3584 860 3649 in
882 3582 989 3650 osoulo
1009 3584 1098 3671 pneis
1121 3602 1194 3651 eum
1214 3584 1343 3670 reoepit
1418 3583 1493 3647 Aets

329 3702 403 3763 sunt
430 3696 507 3765 hneo
530 3697 679 3767 Oorbeiee
703 3703 723 3767 6
746 3698 820 3766 Idus
842 3699 1021 3783 Februarii,
1049 3699 1248 3786 presentibus
1268 3698 1421 3766 fratribus
1440 3716 1491 3763 uo-

328 3813 403 3879 stris
432 3815 607 3882 seuioribus
636 3820 668 3881 et
694 3815 893 3902 presentibus
919 3815 1076 3882 nobilibus
1097 3815 1206 3903 pueris
1227 3814 1407 3883 hominibus
1428 3831 1490 3880 aee·

328 3927 458 4015 elesine,
487 3929 658 3998 Adelberto
688 3933 803 4000 eomite
825 3932 864 3998 de
885 3926 1068 4016 Everstein,
1091 3930 1273 3998 Widilrindo
1295 3930 1336 3999 de
1358 3931 1490 3999 Suslem·

327 4044 438 4128 beroh3
470 4052 538 4113 eret
567 4048 663 4114 etiem
684 4067 813 4133 presens
836 4047 1030 4130 Florentius,
1057 4046 1142 4113 filius
1169 4049 1292 4115 comitis
1321 4046 1429 4115 Silridi
1453 4044 1488 4110 de

326 4158 552 4247 Erteueburoh,
575 4182 682 4229 eorem
702 4163 962 4233 ministerialibus
984 4164 1155 4233 mcelesiae
1175 4163 1294 4232 multis.

399 4326 420 4358 ι.
439 4298 511 4361 Amol·
528 4333 547 4360 c.
