3117 4859
333 250 397 320 164
610 206 619 231 ⁸
681 268 830 319 1111111
850 228 1096 317 1111111111.
1111 266 1149 315 or.

235 416 304 473 1148
330 412 517 499 conditione,
539 410 686 479 videlieet
708 417 744 478 ut
764 416 879 496 111111,
901 410 1123 477 ministeriales
1139 414 1171 477 et
1185 408 1310 494 allodis,
1332 427 1387 475 sua
1404 407 1478 475 beni·

226 494 313 552 “ph
330 530 466 597 volentia
493 548 592 615 usque
619 529 660 596 ad
688 526 827 595 reditum
853 534 997 595 nostrum
1025 526 1205 615 possideas,
1232 526 1268 592 in
1293 524 1403 592 litteris
1426 525 1479 594 tro

330 644 491 713 audientes
513 650 639 730 gratum
661 644 822 711 habemus.
912 643 1101 711 Audivimus
1131 643 1227 710 etiam
1248 642 1287 710 de
1309 642 1480 709 ministeria·

328 760 410 829 libus
433 762 565 847 nostris,
594 760 828 848 quodquidam
856 779 965 827 eornm
987 760 1099 827 devote
1127 780 1165 827 ae
1193 758 1327 826 fideliter
1347 764 1481 844 tanquan
1554 819 1555 842 ,

328 878 419 945 nobis
442 878 500 945 tibi
524 880 688 963 servirent,
713 876 844 963 quidam
858 896 942 961 vero,
966 881 999 943 te
1016 876 1178 943 dominnm
1193 896 1285 943 suum
1300 875 1482 964 propterab·
1554 913 1555 950 2

329 996 463 1061 sentiam
484 999 625 1062 nostram
649 994 849 1080 abnegantes,
873 994 1001 1060 servitio
1021 998 1077 1060 tuo
1092 1014 1127 1060 11
1140 993 1372 1060 subtraxerunt
1405 990 1483 1058 Unde
1553 1031 1555 1086 ;

328 1111 456 1195 dignam
479 1112 667 1179 sententiam
695 1112 740 1178 eie
768 1109 946 1178 indidimus.
992 1110 1110 1190 Quodsi
1132 1108 1219 1176 Deus
1241 1129 1421 1197 prosperum
1441 1128 1483 1174 re·

329 1228 430 1296 ditum
456 1228 547 1295 nobis
574 1227 779 1312 eoueesserit,
810 1226 910 1293 malos
937 1226 1020 1293 male
1047 1226 1233 1314 perdemus,
1260 1226 1359 1293 bonos
1380 1231 1483 1309 autem,
1554 1231 1555 1282 i

327 1342 436 1412 fideles
450 1349 521 1411 tuos
536 1344 656 1411 soilioet
675 1364 711 1411 ao
724 1349 860 1428 nostros,
884 1343 978 1428 digne
998 1333 1278 1411 remunerabimus.
1313 1342 1362 1410 De
1384 1342 1485 1429 quibus

327 1461 426 1546 igitur
452 1460 733 1549 contemptoribus,
763 1459 909 1527 videlieet
934 1459 998 1526 tuis
1027 1466 1075 1527 et·
1097 1460 1230 1544 nostris,
1258 1458 1434 1547 specialiter
1456 1460 1486 1524 in

329 1576 399 1645 aliis
426 1578 541 1645 littoris
568 1578 628 1645 tibi
655 1576 889 1658 mandabimus3
917 1576 1034 1643 iudicio
1063 1577 1169 1643 111111
1195 1582 1268 1643 tuae
1295 1573 1487 1643 oondemnari
1554 1607 1555 1634 1

328 1694 378 1761 rel
401 1694 420 1761 1
441 1716 538 1780 regno
560 1695 619 1762 aiei
641 1714 694 1761 eos
717 1694 917 1781 precipimus.
1009 1692 1088 1760 Item
1111 1694 1217 1760 omnia
1237 1693 1369 1759 servitia
1389 1699 1488 1759 nostra
1554 1679 1555 1686 ἵ

329 1830 365 1878 11
387 1810 507 1878 reditus
530 1816 664 1897 nostros,
687 1811 716 1877 si
737 1830 867 1898 parcere
890 1810 935 1876 eis
950 1829 1014 1877 non
1029 1808 1145 1895 valeas,
1167 1810 1279 1877 honori
1293 1815 1348 1876 tuo
1363 1810 1488 1877 libenter

328 1928 526 2012 dimittimus,
549 1932 656 2015 preter
677 1927 809 2011 reditus,
833 1946 910 2012 quos
931 1926 1054 2011 integro
1067 1927 1158 1994 uobis
1171 1927 1328 1993 reservari
1341 1926 1488 1994 volumus
1554 1911 1555 1928 ³

329 2041 405 2109 Sani
428 2048 460 2110 et
480 2043 652 2111 incolumes
675 2042 921 2131 Hierosolymam
941 2062 1041 2128 usque
1062 2043 1263 2129 pervenimus
1271 2038 1288 2109 ¹.
1361 2043 1489 2110 Heurioo
1554 2019 1555 2094 l

328 2160 451 2226 notorio
473 2165 581 2227 nostro
603 2160 806 2248 precipimus,
830 2160 977 2246 quatinus
999 2166 1150 2245 tanquam
1172 2158 1263 2227 nobis
1284 2158 1345 2227 tibi
1363 2158 1490 2226 fideliter
1554 2213 1555 2218 ,

328 2274 454 2361 seruiat,
470 2282 506 2343 ut
519 2282 592 2363 post
605 2276 741 2344 reditum
756 2281 901 2343 nostrum
915 2275 1200 2343 remunerationem
1210 2276 1337 2362 diguam
1352 2276 1488 2364 recipiat
1554 2285 1555 2288 ’

330 2522 391 2595 91.
414 2528 572 2594 Ws'oaldoo
603 2527 784 2593 Boldriemn
818 2528 999 2614 mapietrem
1025 2526 1212 2593 soroudon
1233 2529 1415 2615 praereptis
1440 2527 1491 2593 nd·

415 2645 510 2709 iuvet.
1357 2640 1490 2725 (1175.)

240 2784 310 2841 1148
415 2754 528 2843 Frater
547 2774 714 2843 Wibaldns
736 2774 798 2842 Dei
826 2774 929 2859 gratia
956 2773 990 2840 id
1018 2774 1102 2860 quod
1124 2780 1173 2843 est
1193 2776 1228 2841 in
1250 2776 1406 2844 catholiea
1427 2796 1491 2844 aee·

326 2892 423 2959 olesia
444 2892 557 2959 dilecto
580 2892 673 2959 fratri
695 2897 727 2958 et
750 2891 849 2958 amieo
873 2910 930 2957 suo
951 2888 1098 2958 Baldrr'eo
1119 2888 1288 2977 magistro¹
1302 2893 1491 2962 benedictio·

325 3028 398 3077 nem
422 3013 454 3075 11
475 3008 575 3075 vitam
597 3028 696 3095 usque
718 3008 751 3074 in
776 3006 925 3074 seculum.

415 3122 566 3211 Expediti
587 3123 716 3191 tandem
740 3125 778 3192 ab
801 3124 851 3191 his
875 3123 1131 3209 oooupetionibus
1148 3125 1307 3210 maximis,
1330 3147 1415 3213 quae
1428 3146 1491 3211 nos,

325 3246 362 3307 ut
383 3240 450 3329 ipse
473 3241 567 3326 nosti,
595 3240 679 3308 ultro
702 3240 843 3326 citroque
864 3240 1024 3327 inplicitos
1047 3240 1102 3307 diu
1123 3245 1302 3328 tenuerunt,
1327 3264 1425 3332 posse
1446 3264 1492 3312 ee-

326 3357 429 3444 pimus
462 3356 628 3443 aliquando
658 3358 775 3425 amieos
804 3361 928 3424 nostros
957 3355 1094 3424 salutare
1122 3364 1154 3425 et
1181 3359 1300 3446 aliquid
1327 3360 1492 3429 tenerioris

326 3471 455 3540 affectos
478 3472 608 3562 depulso
633 3474 730 3541 animi
753 3494 869 3559 angore
891 3473 1049 3541 exhibere.
1085 3473 1264 3543 salutantes
1286 3477 1387 3561 igitur
1408 3482 1492 3545 tuam

325 3590 524 3675 industriam,
548 3595 681 3678 patemo
703 3597 735 3660 et
756 3592 869 3658 intimo
893 3590 1005 3658 affeetu
1026 3610 1174 3676 rogamus
1197 3598 1229 3659 11
1242 3592 1493 3662 exhortamurin

325 3704 476 3792 Domino,
506 3712 541 3773 ut
569 3706 648 3775 illud
670 3712 761 3775 tuum
783 3707 888 3776 nobile
911 3712 943 3774 et
966 3708 1183 3776 acutissimum
1204 3710 1383 3797 ingenium,
1413 3709 1493 3799 quod

325 3822 382 3890 tibi
412 3828 573 3910 prestante
596 3822 664 3891 Deo
694 3826 713 3892 1
740 3830 855 3892 111111
881 3826 1013 3894 insitum
1041 3831 1090 3894 est
1112 3832 1144 3893 et
1166 3827 1293 3915 optimis
1316 3826 1439 3896 artibus
1460 3828 1492 3894 in

323 3941 485 4007 iuventute
507 3944 563 4007 tua
586 3941 761 4009 sublimiter
785 3941 953 4029 excultum,
977 3949 1102 4031 torpere
1116 3964 1174 4031 per
1196 3944 1295 4010 otium
1309 3964 1375 4011 non
1389 3946 1491 4025 sinas3

324 4077 364 4125 ne
392 4057 507 4143 honos,
537 4059 591 4143 qui
619 4057 678 4124 tibi
707 4058 797 4144 quasi
825 4058 954 4145 quidam
982 4059 1099 4128 laboris
1126 4061 1246 4127 fruetus
1275 4059 1315 4126 ob
1343 4061 1491 4130 seientiae

395 4212 416 4247 a.
436 4200 483 4247 11111
498 4202 522 4247 at
537 4201 628 4249 addidi.

394 4295 418 4350 1.
440 4296 509 4351 1148
527 4311 552 4352 e.
570 4294 638 4366 Apr.
710 4296 737 4351 1.
754 4296 804 4367 qui
822 4296 934 4367 seripsit
947 4296 1033 4355 Gesta
1045 4296 1193 4357 Alberouis
1210 4298 1410 4373 arehiepisoopi
1426 4300 1490 4358 ure

323 4384 446 4441 verensis
464 4385 594 4454 (Morum.
608 4385 702 4442 Germ.
714 4384 763 4442 SS.
775 4384 853 4442 VIII.
864 4386 918 4442 243
929 4392 992 4458 sp).
