3117 4859
437 310 587 359 uranum
607 310 795 359 ususrousn
814 310 853 358 aa
869 311 906 359 er.
1192 296 1254 361 lli

86 456 118 517 ct
143 451 179 517 in
207 451 371 519 meliorem
399 456 518 519 statum
546 454 652 520 omnia
679 458 881 521 commutata
918 452 1000 523 Nam
1029 459 1062 521 et
1087 452 1172 522 lilius
1198 476 1256 524 rex
1275 460 1345 518 1148

86 569 238 636 domnum
260 590 376 657 papam
399 574 431 637 ct
453 569 520 637 eius
543 570 669 637 decreta
690 570 836 656 vigilanti
858 570 1002 638 sollercia
1022 570 1202 655 honoravit3
1225 578 1258 640 et

85 706 103 753 e
128 706 283 754 converso
309 686 442 754 domnus
465 706 550 775 papa
570 687 677 773 ipsum
700 692 732 754 et
752 708 861 771 regem
882 686 1095 755 Romanorum
1117 687 1257 776 appella·

85 803 131 869 vit
153 808 188 871 et
210 804 347 891 scripsit,
371 802 455 889 quod
477 823 550 870 raro
568 810 659 871 extra
674 804 792 873 Urbem
806 804 930 890 accidit,
953 806 1154 872 etuuiversis
1169 805 1257 891 prin·

86 920 210 1007 cipibus
239 940 311 987 cum
339 920 426 987 omni
453 920 665 987 beniuolentia
691 927 724 988 et
750 918 914 989 affectione
941 925 1076 1009 paterna
1101 921 1257 988 mouendo

86 1037 226 1123 scripsit,
251 1038 397 1123 quatinus
420 1037 523 1104 eidem
545 1036 674 1126 spe‘ciali
697 1057 753 1104 suo
776 1044 810 1106 et
831 1038 916 1106 beati
930 1037 1017 1105 Petri
1037 1036 1104 1105 filio
1122 1036 1257 1105 fidelita-

86 1158 151 1221 tem
174 1153 347 1221 exhibeant
372 1158 405 1221 et
425 1154 459 1220 iu
482 1155 766 1222 amministratione
788 1155 889 1239 regni,
911 1154 973 1221 sibi
994 1174 1014 1221 a
1035 1153 1103 1222 Deo
1126 1174 1166 1221 ex
1187 1172 1257 1221 suc

85 1270 228 1337 coesiouc
255 1276 390 1356 paterna
417 1269 539 1355 collati,
567 1270 732 1339 consilium
763 1276 796 1338 ot
817 1270 970 1338 auxilium
991 1270 1104 1337 ferant
1175 1270 1258 1339 Sane

85 1388 118 1453 iu
141 1386 318 1454 amicormn
339 1392 519 1455 nostrorum
542 1389 644 1454 causis
662 1392 814 1473 quantum
832 1388 1066 1475 profecerimus,
1089 1386 1257 1473 malumus,

85 1508 120 1569 ut
142 1502 184 1570 ab
206 1504 288 1591 ipsis
310 1522 405 1589 quam
428 1504 560 1571 anobis
583 1510 799 1589 cognoscatur.
834 1504 915 1571 Tum
936 1524 1012 1571 vero
1028 1504 1062 1570 in
1078 1502 1258 1571 Stabulensi
1349 1485 1352 1493 ’

85 1618 241 1687 aecclesia
261 1640 378 1705 magna
398 1620 537 1689 turbatio
560 1626 633 1688 ante
656 1621 827 1687 adventum
840 1626 985 1687 nostrum
1000 1625 1083 1702 erat3
1107 1621 1258 1706 adquam

84 1736 260 1803 wdaudam
282 1742 314 1803 et
334 1737 584 1823 componendam
605 1736 694 1804 nulla
714 1737 807 1803 nobis
828 1736 897 1803 dies
920 1742 1060 1803 autnon
1082 1756 1196 1824 expers
1210 1736 1258 1805 la-

83 1854 171 1920 boris
200 1854 277 1938 fuit,
307 1858 339 1919 et
365 1858 514 1939 operante
543 1854 669 1921 divinae
696 1854 826 1941 pietatis
847 1853 951 1937 gretia
978 1872 1068 1941 spem
1094 1853 1259 1921 meliorem

84 1968 251 2053 babemus,
274 1970 357 2055 quod
378 1970 412 2036 in
433 1970 523 2038 brevi
545 1976 687 2057 tempore
710 1970 750 2037 ad
773 1969 944 2037 salutarem
958 1975 991 2037 et
1005 1974 1149 2057 optatum
1162 1970 1259 2039 finem

84 2091 202 2153 cuncta
225 2086 444 2173 perducamus.
527 2084 614 2154 Heae
635 2087 733 2171 igitur
755 2092 788 2154 et
810 2086 891 2153 aliae
912 2084 1103 2174 multiplices
1124 2106 1258 2175 occupe-

83 2202 189 2269 ticues
211 2208 354 2270 nostram
369 2203 577 2271 intentionem
592 2204 740 2289 gravibus
761 2204 846 2271 curis
865 2202 1043 2291 inplicitam
1057 2204 1260 2272 detinuerunt

85 2325 117 2385 et
144 2320 188 2386 ab
216 2316 319 2386 officio
346 2318 505 2386 salutandi
532 2340 589 2387 nos
617 2321 768 2388 hactenus
793 2320 1042 2387 retardaverunt
1076 2319 1259 2389 saumae

84 2436 195 2523 inque
216 2455 302 2503 uunc
315 2436 351 2503 in
365 2435 502 2503 Domino
519 2436 738 2505 excellentiam
754 2442 853 2522 tuam,
866 2443 1023 2521 rogamus
1038 2442 1071 2504 et
1084 2437 1258 2523 hortamur,

85 2560 122 2620 ut
148 2554 179 2621 si
209 2572 273 2640 qua
299 2553 335 2619 in
362 2554 487 2619 tuendis
517 2559 549 2621 ct
570 2554 718 2621 curandis
744 2553 839 2621 rebus
860 2554 970 2621 trabis
991 2555 1092 2621 nostri
1119 2554 1259 2622 absentis

87 2668 257 2737 difficultas
279 2670 458 2755 emerserit,
484 2674 607 2755 nostro,
633 2670 688 2737 ubi
710 2675 900 2758 oportunum
920 2670 1031 2755 tuerit,
1057 2669 1259 2737 amminiculo

86 2787 187 2854 utaris
209 2790 242 2853 et
264 2785 304 2853 de
325 2787 416 2853 uobis
438 2790 589 2873 tauquam
612 2786 651 2854 de
672 2806 746 2853 vero
769 2791 803 2854 et
818 2786 976 2853 constanti
993 2786 1093 2853 amico
1109 2784 1257 2853 confidas.

86 3132 147 3204 97.
172 3134 492 3231 Ws'bddaaEapeaio
507 3134 563 3201 III
573 3158 684 3223 papae
708 3135 747 3201 de
769 3135 822 3199 tta
843 3135 995 3222 hyrcani
1009 3134 1128 3202 abbatie
1143 3134 1177 3201 S.
1189 3136 1259 3201 Me·

175 3251 272 3315 dardi
295 3251 522 3318 &ucecensis
549 3264 579 3317 et
599 3252 770 3318 Baldoee'ai
798 3253 939 3317 monier
959 3251 1143 3318 Leodiensis
1163 3253 1259 3339 spe

166 3370 260 3461 ficet.
786 3458 792 3466 ο
1098 3365 1153 3449 (bt
1172 3367 1259 3449 122.)

174 3500 360 3568 Reverendo
389 3500 473 3587 patri
499 3516 557 3566 suo
587 3505 619 3567 et
645 3499 770 3567 domino
792 3499 934 3585 Eugenio
956 3501 1013 3567 uni
1035 3504 1067 3569 et
1088 3501 1260 3568 universali
1278 3513 1349 3571 1148

81 3616 229 3708 pontifici
255 3618 357 3683 trater
376 3615 540 3685 Wibaldus
569 3615 629 3685 Dei
657 3618 761 3701 gratia
787 3618 838 3700 id,
868 3618 951 3703 quod
978 3619 1083 3685 estin
1105 3618 1260 3686 catholica

82 3735 250 3817 aecclesia,
273 3731 472 3801 dilectionem
493 3732 551 3799 filii
575 3739 606 3801 et
628 3724 826 3800 devotionem
849 3735 940 3801 servi.

173 3848 373 3917 Venerabilis
395 3850 493 3917 irater
514 3855 622 3917 noster
643 3849 844 3935 llngrannue)
867 3850 964 3919 abbas
987 3850 1135 3919 ecclesiae
1157 3852 1259 3919 sancti

82 3967 232 4036 bledardi
241 3962 258 4050 ¹,
282 3986 362 4052 quae
383 3972 507 4034 veebac
531 3966 643 4034 ditioni
665 3973 697 4033 et
718 3966 893 4034 defensioni
915 3969 1095 4056 specialiter
1109 3970 1256 4056 pertinet,

83 4086 102 4152 t
122 4088 239 4151 nostra
261 4084 418 4169 parvitate
441 4082 588 4171 expetiit,
616 4087 653 4149 nt
675 4084 831 4150 actionem
853 4105 960 4168 suam,
989 4105 1083 4170 quam
1107 4086 1256 4153 adversus

82 4200 275 4287 megistum
306 4198 514 4267 Baldovinum
550 4199 698 4267 ecclesiae
730 4199 914 4268 Leodiensis
947 4202 1133 4268 canonicum
1165 4202 1256 4270 nobis

154 4341 183 4395 1.
202 4338 417 4396 suessionensis.
445 4340 599 4411 lngraunus
617 4340 702 4397 abbas
719 4340 802 4396 huius
814 4340 973 4397 monasterii
984 4340 1076 4398 iactus
1087 4347 1131 4398 est
1142 4358 1166 4399 a
1177 4342 1256 4399 1148.

85 4429 119 4487 V.
137 4430 243 4488 chron
256 4427 285 4485 S.
296 4428 420 4485 lledardi
437 4444 482 4499 ap.
493 4428 640 4502 D'Achery
657 4429 751 4500 Spicil.
764 4430 801 4485 IL
812 4431 876 4486 489.
