3117 4859
397 294 547 343 omnmo
566 293 754 345 muman
775 294 829 343 ιιι.
846 296 901 345 ιιι.
1168 282 1237 349 215

63 434 135 502 levric
155 434 311 503 fficrcsse
333 454 446 505 causae
469 436 734 522 desideraverant,
755 437 1005 507 familiaritatem
1023 456 1129 507 meam
1151 442 1236 528 opud
1255 446 1326 503 1148

62 571 116 618 vos
139 551 263 638 aliquid
289 572 384 639 posse
411 559 610 638 cognoscant
648 553 709 621 Est
730 560 837 621 autem
857 555 966 622 domni
987 555 1155 638 Hteinrici)
1177 556 1236 623 ali·

62 669 188 754 qumodo
203 668 403 737 Gorbeiensis
419 668 541 737 abbatis
556 670 643 754 dicti,
666 690 762 757 super
777 690 871 756 quem
885 690 941 737 vos
956 670 1063 737 oculos
1085 677 1236 757 pateruae

61 784 190 871 piatatis
213 804 330 872 ponere
353 786 453 869 dccet,
474 791 512 853 ιιι
533 785 602 873 ipse
623 787 752 873 piatatis
775 784 915 871 effectus,
936 805 1010 853 eum
1030 806 1095 854 non
1116 788 1236 857 frmtra

61 900 98 969 de
118 900 214 969 vobis
237 901 357 989 ediquid
378 901 484 968 solatii
505 922 660 989 sperasse,
683 902 836 971 laudabili
857 904 992 970 veritate
1013 905 1206 991 comprobet

266 1016 379 1085 Cetera
400 1017 568 1085 verborum
589 1020 733 1087 rimabit
754 1019 890 1105 porfitor
910 1019 1034 1087 horum.

60 1130 232 1218 Utriusque
258 1133 395 1201 hominis
421 1134 521 1201 vestri
547 1134 682 1203 salutem
709 1135 812 1203 bouus
839 1135 894 1203 ille
916 1134 1151 1219 Samaritanus,
1180 1137 1235 1222 qui

59 1246 260 1317 mmeratum
287 1248 428 1336 collegit,
456 1252 623 1339 providero
651 1258 685 1319 et
711 1251 870 1319 custodire
892 1250 1054 1335 dignetur,
1085 1251 1234 1319 abbatum

59 1364 236 1433 karissimo.
491 1396 493 1403 ·

64 1576 147 1651 138.
178 1579 340 1647 Wicaldos
366 1580 510 1669 Eoperm
534 1580 591 1648 III
607 1604 715 1669 papae
742 1580 855 1670 refert,
888 1582 927 1647 de
955 1580 1095 1669 elipendo
1125 1585 1235 1651 albata

167 1696 323 1763 Foldeuss‘
343 1698 421 1785 qaid
442 1709 544 1763 ιισιιιιιι
565 1700 612 1763 ss't.
1070 1694 1125 1778 (M.
1146 1698 1233 1781 114.)

143 1828 314 1897 Redditori
335 1830 491 1897 rationem
512 1830 714 1897 villicationis
736 1833 874 1913 nostrae,
897 1848 993 1915 quam
1014 1835 1122 1898 vestra
1142 1831 1322 1901 celsi-1148

58 1946 131 2013 tudo
145 1951 278 2013 noemae
292 1947 444 2033 parvitati
459 1947 627 2031 mummia,
644 1966 722 2033 opus
736 1944 889 2013 labamus
904 1946 1069 2031 brevitate
1089 1967 1131 2014 ne
1144 1966 1234 2017 men·
1261 1912 1319 1960 Μ’

59 2066 296 2147 tmvestram,
319 2083 417 2148 quam
439 2063 581 2129 omnium
594 2062 706 2129 mundi
723 2061 949 2129 aecclesiarum
969 2082 1047 2130 cura
1074 2064 1234 2151 sollicitat,

59 2178 184 2265 prolixa
211 2178 324 2246 ralatio
357 2179 476 2247 diutius
510 2178 657 2246 detineat.
752 2178 927 2266 Postquam
952 2180 1101 2249 discretm
1127 2187 1235 2250 vestra

59 2294 138 2363 iusto
168 2294 309 2383 Spiritus
342 2295 446 2363 sancti
472 2294 588 2362 iudicio
615 2294 822 2379 Remurium,
855 2294 1022 2364 Foldeusie
1049 2299 1233 2367 monasterii

60 2410 210 2495 electum,
240 2411 279 2479 ab
308 2410 449 2479 eiusdem
478 2410 646 2479 aecclesiae
672 2412 828 2495 regimine
850 2411 890 2479 ob
918 2413 1102 2481 canonicam
1124 2419 1234 2482 uotam

60 2529 204 2611 removit,
226 2526 377 2595 iratribus
399 2526 516 2614 prefati
529 2526 672 2595 coenobii
685 2547 744 2614 per
764 2527 956 2612 dignationis
970 2534 1095 2598 vestas
1109 2526 1233 2617 apices¹
1249 2551 1328 2612 apes

60 2644 262 2731 precipiendo
284 2643 470 2728 mandastis,
493 2663 533 2710 ue
555 2663 724 2730 personam
746 2643 786 2709 de
806 2664 865 2710 sua
878 2647 1121 2730 congregatione
1135 2646 1233 2731 eligo·

61 2764 137 2845 rent,
152 2766 206 2827 set
216 2760 257 2827 ad
267 2759 458 2829 visitandam
470 2759 654 2827 aecclesiam
664 2778 755 2827 suam
765 2760 955 2828 reverendos
966 2761 1081 2829 frames
1094 2768 1231 2849 nostros,

60 2874 298 2962 Eboracsnsom,
309 2876 570 2961 Everbacensem,
583 2874 856 2943 Haresieldeusem
867 2875 1007 2963 abbates,
1020 2883 1054 2945 et
1062 2898 1122 2947 nos
1132 2879 1230 2966 ipsos,
1296 2880 1300 2886 ’

61 2994 202 3063 omnium
222 2993 387 3077 minimos,
410 2992 452 3059 ad
473 3012 542 3059 sese
565 2996 789 3074 convocarent3
818 3012 952 3078 quorum
974 2994 1134 3063 medianto
1156 3015 1230 3063 con·

62 3108 127 3177 silio
149 3108 250 3177 talem
272 3109 339 3177 Deo
363 3113 490 3177 auctore
519 3127 688 3196 personam
715 3108 755 3175 de
783 3108 886 3177 aliem
909 3109 1045 3177 cluvano
1069 3111 1232 3180 studerent

63 3224 190 3311 aligera,
217 3247 275 3313 per
303 3244 399 3312 quam
424 3225 518 3291 ruina
538 3224 705 3292 Foldemis
727 3226 912 3293 monasterii
933 3232 1001 3295 tam
1022 3228 1057 3295 iu
1077 3228 1232 3313 religione

63 3362 152 3429 quam
176 3342 211 3409 in
226 3341 477 3429 possessionibus
490 3346 598 3428 posset
611 3340 749 3408 Domino
767 3341 936 3409 adiuvante
948 3342 1063 3410 fulciri
1096 3343 1230 3412 llisiatis

65 3460 153 3527 stiam
177 3458 329 3545 predictis
351 3462 486 3545 quatuor
508 3458 651 3544 personis
674 3457 823 3523 iussionis
837 3462 963 3525 vestrae
978 3456 1128 3544 litterm’,
1152 3482 1229 3547 qua·

64 3575 142 3643 tinus
166 3575 354 3643 auctoritate
376 3580 483 3642 vostro
505 3574 544 3639 ad
566 3572 722 3641 Fuldeuse
744 3574 971 3641 monasterium
993 3576 1177 3644 accederent
1197 3581 1231 3645 et

65 3691 148 3759 iaxta
170 3692 313 3779 precepti
334 3690 434 3759 vestri
452 3690 588 3757 formem
602 3691 637 3757 in
652 3690 804 3759 electione
818 3690 963 3759 iacienda
976 3692 1143 3759 consilium
1156 3712 1229 3779 pre·

65 3812 191 3877 coena
282 3807 366 3886 Quas
389 3806 512 3875 litteras
534 3826 593 3873 uos
614 3807 714 3875 tercie
735 3806 788 3873 dio
815 3812 890 3893 post
914 3808 1031 3875 testum
1052 3808 1228 3875 nativitatis
1245 3828 1308 3889 sepe
1317 3828 1347 3874 1o

66 3923 170 3995 boatu
191 3922 312 3993 Mariae
333 3924 437 4011 primo
460 3924 647 4010 accepimus.
688 3920 852 4008 Siquidem
873 3922 1045 3993 Foldenses
1065 3944 1125 4010 pro
1147 3923 1229 3989 obti-
1262 3934 1274 3958 ’
1328 3935 1333 3951 “

67 4042 161 4111 nendo
185 4040 284 4109 electo
311 4060 385 4125 suo,
414 4058 507 4127 quem
535 4038 655 4107 duobus
683 4037 819 4107 decretis
840 4041 991 4107 canonica
1011 4041 1133 4107 ratione
1153 4037 1227 4105 sub-

68 4156 144 4225 nium
165 4157 375 4241 notaveratis,
403 4156 443 4223 ad
466 4160 605 4223 vestram
627 4153 827 4222 clementiam
848 4156 1052 4238 remiserunt,
1079 4158 1128 4221 set
1154 4173 1226 4221 cum

70 4268 154 4341 Petro
175 4279 301 4362 petram
322 4274 519 4341 invenerunt
553 4270 730 4339 Redemcs
744 4271 843 4355 igitur
860 4271 957 4355 legati
978 4290 1087 4337 eorum
1108 4268 1227 4355 absque

133 4406 157 4461 1.
174 4406 211 4463 V.
229 4420 273 4476 sp.
285 4404 321 4461 85
338 4419 423 4475 snpra
438 4419 466 4473 p.
480 4402 541 4459 158.
612 4404 640 4459 i.
657 4401 693 4460 V.
710 4417 755 4473 sp.
767 4402 804 4459 86
820 4416 906 4472 supra
920 4416 949 4471 p.
960 4398 1023 4456 169.
