<?xml version="1.0" encoding="UTF-8"?>
<!DOCTYPE html PUBLIC "-//W3C//DTD XHTML 1.0 Transitional//EN"
    "http://www.w3.org/TR/xhtml1/DTD/xhtml1-transitional.dtd">
<html xmlns="http://www.w3.org/1999/xhtml" xml:lang="en" lang="en">
 <head>
  <title>
</title>
<meta http-equiv="Content-Type" content="text/html;charset=utf-8" />
  <meta name='ocr-system' content='tesseract 3.04.00' />
  <meta name='ocr-capabilities' content='ocr_page ocr_carea ocr_par ocr_line ocrx_word'/>
</head>
<body>
  <div class='ocr_page' id='page_1' title='image "./bibliothecareru05jaffgoog_0581.png"; bbox 0 0 3117 4859; ppageno 0'>
   <div class='ocr_carea' id='block_1_1' title="bbox 410 255 1243 323">
    <p class='ocr_par' dir='ltr' id='par_1_1' title="bbox 410 255 1243 323">
     <span class='ocr_line' id='line_1_1' title="bbox 410 255 1243 323; baseline -0.001 -1"><span class='ocrx_word' id='word_1_1' title='bbox 410 273 558 322; x_wconf 78' lang='lat' dir='ltr'>wmsnnr</span> <span class='ocrx_word' id='word_1_2' title='bbox 579 271 766 323; x_wconf 72' lang='lat' dir='ltr'>muenia</span> <span class='ocrx_word' id='word_1_3' title='bbox 785 272 839 320; x_wconf 73' lang='lat' dir='ltr'>eeu.</span> <span class='ocrx_word' id='word_1_4' title='bbox 857 272 911 320; x_wconf 75' lang='lat' dir='ltr'>sea</span> <span class='ocrx_word' id='word_1_5' title='bbox 1177 255 1243 322; x_wconf 77' lang='lat' dir='ltr'>ute</span> 
     </span>
    </p>
   </div>
   <div class='ocr_carea' id='block_1_2' title="bbox 72 413 1357 3417">
    <p class='ocr_par' dir='ltr' id='par_1_2' title="bbox 72 413 1354 844">
     <span class='ocr_line' id='line_1_2' title="bbox 72 413 1243 505; baseline -0.003 -21"><span class='ocrx_word' id='word_1_6' title='bbox 72 413 167 484; x_wconf 87' lang='grc'><strong>447.</strong></span> <span class='ocrx_word' id='word_1_7' title='bbox 187 415 366 482; x_wconf 73' lang='lat' dir='ltr'>Friden&#39;ao</span> <span class='ocrx_word' id='word_1_8' title='bbox 375 415 399 484; x_wconf 87' lang='lat' dir='ltr'><em>I</em></span> <span class='ocrx_word' id='word_1_9' title='bbox 405 419 575 505; x_wconf 58' lang='lat' dir='ltr'>merctur</span> <span class='ocrx_word' id='word_1_10' title='bbox 586 417 819 483; x_wconf 71' lang='lat' dir='ltr'>wichmannum</span> <span class='ocrx_word' id='word_1_11' title='bbox 834 415 1098 502; x_wconf 65' lang='grc' dir='ltr'>ωοήἰιρὶεωμκη</span> <span class='ocrx_word' id='word_1_12' title='bbox 1112 415 1243 501; x_wconf 74' lang='lat' dir='ltr'>Mopde·</span> 
     </span>
     <span class='ocr_line' id='line_1_3' title="bbox 188 530 1246 618; baseline -0.002 -20"><span class='ocrx_word' id='word_1_13' title='bbox 188 533 366 618; x_wconf 67' lang='lat' dir='ltr'>herponem</span> <span class='ocrx_word' id='word_1_14' title='bbox 388 533 542 615; x_wconf 61' lang='lat' dir='ltr'>boletar,</span> <span class='ocrx_word' id='word_1_15' title='bbox 566 545 601 598; x_wconf 82' lang='lat' dir='ltr'>at</span> <span class='ocrx_word' id='word_1_16' title='bbox 621 536 656 598; x_wconf 77' lang='lat' dir='ltr'>in</span> <span class='ocrx_word' id='word_1_17' title='bbox 677 533 880 598; x_wconf 74' lang='lat' dir='ltr'>diocmmcdo</span> <span class='ocrx_word' id='word_1_18' title='bbox 900 530 1035 596; x_wconf 72' lang='lat' dir='ltr'>wibaldi</span> <span class='ocrx_word' id='word_1_19' title='bbox 1056 542 1086 597; x_wconf 80' lang='lat' dir='ltr'>st</span> <span class='ocrx_word' id='word_1_20' title='bbox 1107 530 1246 617; x_wconf 69' lang='lat' dir='ltr'>Philippi</span> 
     </span>
     <span class='ocr_line' id='line_1_4' title="bbox 189 647 1354 736; baseline -0.003 -23"><span class='ocrx_word' id='word_1_21' title='bbox 189 651 326 736; x_wconf 82' lang='lat' dir='ltr'>episcopi</span> <span class='ocrx_word' id='word_1_22' title='bbox 355 647 598 736; x_wconf 73' lang='lat' dir='ltr'>Omohmpeoais</span> <span class='ocrx_word' id='word_1_23' title='bbox 627 650 833 715; x_wconf 78' lang='lat' dir='ltr'>omclrooercia</span> <span class='ocrx_word' id='word_1_24' title='bbox 857 648 1025 735; x_wconf 75' lang='lat' dir='ltr'>priuilepiu</span> <span class='ocrx_word' id='word_1_25' title='bbox 1052 647 1247 714; x_wconf 81' lang='lat' dir='ltr'>Corbeisoeio</span> <span class='ocrx_word' id='word_1_26' title='bbox 1350 679 1354 682; x_wconf 92' lang='lat'>·</span> 
     </span>
     <span class='ocr_line' id='line_1_5' title="bbox 189 759 1245 844; baseline -0.004 -14"><span class='ocrx_word' id='word_1_27' title='bbox 189 775 318 830; x_wconf 75' lang='lat' dir='ltr'>tueatur</span> <span class='ocrx_word' id='word_1_28' title='bbox 1085 760 1139 844; x_wconf 95' lang='grc' dir='ltr'>(Μ.</span> <span class='ocrx_word' id='word_1_29' title='bbox 1155 759 1245 842; x_wconf 77' lang='grc'>417)</span> 
     </span>
    </p>

    <p class='ocr_par' dir='ltr' id='par_1_3' title="bbox 72 884 1357 1189">
     <span class='ocr_line' id='line_1_6' title="bbox 166 884 1349 974; baseline -0.006 -20"><span class='ocrx_word' id='word_1_30' title='bbox 166 887 370 970; x_wconf 75' lang='lat' dir='ltr'>Flridcricus)</span> <span class='ocrx_word' id='word_1_31' title='bbox 392 886 453 955; x_wconf 90' lang='lat' dir='ltr'>Dei</span> <span class='ocrx_word' id='word_1_32' title='bbox 475 887 578 972; x_wconf 81' lang='lat' dir='ltr'>gratia</span> <span class='ocrx_word' id='word_1_33' title='bbox 598 884 810 954; x_wconf 88' lang='lat' dir='ltr'>Romanorum</span> <span class='ocrx_word' id='word_1_34' title='bbox 831 887 1005 974; x_wconf 86' lang='lat' dir='ltr'>imperator</span> <span class='ocrx_word' id='word_1_35' title='bbox 1026 891 1176 970; x_wconf 75' lang='lat' dir='ltr'>augustus</span> <span class='ocrx_word' id='word_1_36' title='bbox 1198 884 1246 950; x_wconf 86' lang='lat' dir='ltr'>di·</span> <span class='ocrx_word' id='word_1_37' title='bbox 1280 893 1349 948; x_wconf 80' lang='lat'>1156</span> 
     </span>
     <span class='ocr_line' id='line_1_7' title="bbox 72 968 1357 1091; baseline -0.003 -20"><span class='ocrx_word' id='word_1_38' title='bbox 72 1004 158 1072; x_wconf 86' lang='lat' dir='ltr'>lecto</span> <span class='ocrx_word' id='word_1_39' title='bbox 191 1024 247 1071; x_wconf 87' lang='lat' dir='ltr'>suo</span> <span class='ocrx_word' id='word_1_40' title='bbox 277 1002 509 1086; x_wconf 85' lang='lat' dir='ltr'>W(icbmanno)</span> <span class='ocrx_word' id='word_1_41' title='bbox 537 1002 820 1089; x_wconf 77' lang='lat' dir='ltr'>Magdebruggensi</span> <span class='ocrx_word' id='word_1_42' title='bbox 849 1003 1082 1091; x_wconf 72' lang='lat' dir='ltr'>archiepiscopo</span> <span class='ocrx_word' id='word_1_43' title='bbox 1111 981 1318 1087; x_wconf 70' lang='lat' dir='ltr'>gratiomp1³0</span> <span class='ocrx_word' id='word_1_44' title='bbox 1317 968 1357 1076; x_wconf 66' lang='lat' dir='ltr'>‘is</span> 
     </span>
     <span class='ocr_line' id='line_1_8' title="bbox 74 1119 485 1189; baseline -0.007 0"><span class='ocrx_word' id='word_1_45' title='bbox 74 1141 169 1189; x_wconf 88' lang='lat' dir='ltr'>suam</span> <span class='ocrx_word' id='word_1_46' title='bbox 191 1125 224 1188; x_wconf 91' lang='lat' dir='ltr'>et</span> <span class='ocrx_word' id='word_1_47' title='bbox 246 1139 338 1186; x_wconf 92' lang='lat' dir='ltr'>omne</span> <span class='ocrx_word' id='word_1_48' title='bbox 359 1119 485 1187; x_wconf 84' lang='lat' dir='ltr'>bonum.</span> 
     </span>
    </p>

    <p class='ocr_par' dir='ltr' id='par_1_4' title="bbox 74 1234 1252 2140">
     <span class='ocr_line' id='line_1_9' title="bbox 168 1234 1247 1324; baseline -0.005 -19"><span class='ocrx_word' id='word_1_49' title='bbox 168 1236 368 1305; x_wconf 74' lang='lat' dir='ltr'>serenissimi</span> <span class='ocrx_word' id='word_1_50' title='bbox 389 1236 606 1323; x_wconf 86' lang='lat' dir='ltr'>imperotores,</span> <span class='ocrx_word' id='word_1_51' title='bbox 629 1237 730 1304; x_wconf 84' lang='lat' dir='ltr'>nostri</span> <span class='ocrx_word' id='word_1_52' title='bbox 747 1237 856 1324; x_wconf 84' lang='lat' dir='ltr'>utique</span> <span class='ocrx_word' id='word_1_53' title='bbox 870 1236 1118 1324; x_wconf 89' lang='lat' dir='ltr'>predecessores,</span> <span class='ocrx_word' id='word_1_54' title='bbox 1141 1234 1247 1301; x_wconf 69' lang='lat' dir='ltr'>dimne</span> 
     </span>
     <span class='ocr_line' id='line_1_10' title="bbox 75 1353 1250 1441; baseline -0.004 -19"><span class='ocrx_word' id='word_1_55' title='bbox 75 1354 183 1422; x_wconf 86' lang='lat' dir='ltr'>edocti</span> <span class='ocrx_word' id='word_1_56' title='bbox 203 1353 318 1441; x_wconf 91' lang='lat' dir='ltr'>spiritu</span> <span class='ocrx_word' id='word_1_57' title='bbox 340 1357 526 1437; x_wconf 87' lang='lat' dir='ltr'>sanxerunt,</span> <span class='ocrx_word' id='word_1_58' title='bbox 549 1373 601 1438; x_wconf 86' lang='lat' dir='ltr'>ea,</span> <span class='ocrx_word' id='word_1_59' title='bbox 625 1373 705 1438; x_wconf 88' lang='lat' dir='ltr'>quae</span> <span class='ocrx_word' id='word_1_60' title='bbox 728 1353 768 1418; x_wconf 85' lang='lat' dir='ltr'>ad</span> <span class='ocrx_word' id='word_1_61' title='bbox 790 1353 991 1421; x_wconf 87' lang='lat' dir='ltr'>beatissimae</span> <span class='ocrx_word' id='word_1_62' title='bbox 1012 1354 1084 1418; x_wconf 86' lang='lat' dir='ltr'>iura</span> <span class='ocrx_word' id='word_1_63' title='bbox 1105 1355 1250 1439; x_wconf 87' lang='lat' dir='ltr'>spectant</span> 
     </span>
     <span class='ocr_line' id='line_1_11' title="bbox 75 1467 1250 1556; baseline -0.003 -19"><span class='ocrx_word' id='word_1_64' title='bbox 75 1469 260 1554; x_wconf 74' lang='lat' dir='ltr'>aecclesiae,</span> <span class='ocrx_word' id='word_1_65' title='bbox 282 1474 444 1556; x_wconf 86' lang='lat' dir='ltr'>tamquam</span> <span class='ocrx_word' id='word_1_66' title='bbox 460 1469 564 1556; x_wconf 89' lang='lat' dir='ltr'>ipsam</span> <span class='ocrx_word' id='word_1_67' title='bbox 579 1474 809 1537; x_wconf 87' lang='lat' dir='ltr'>sacrosanctam</span> <span class='ocrx_word' id='word_1_68' title='bbox 825 1475 858 1536; x_wconf 89' lang='lat' dir='ltr'>et</span> <span class='ocrx_word' id='word_1_69' title='bbox 871 1469 1051 1554; x_wconf 71' lang='lat' dir='ltr'>religiosam</span> <span class='ocrx_word' id='word_1_70' title='bbox 1066 1467 1250 1535; x_wconf 67' lang='lat' dir='ltr'>aecclesiam</span> 
     </span>
     <span class='ocr_line' id='line_1_12' title="bbox 74 1585 1249 1671; baseline -0.003 -17"><span class='ocrx_word' id='word_1_71' title='bbox 74 1585 301 1655; x_wconf 80' lang='lat' dir='ltr'>venerabiliter</span> <span class='ocrx_word' id='word_1_72' title='bbox 330 1586 369 1652; x_wconf 84' lang='lat' dir='ltr'>ab</span> <span class='ocrx_word' id='word_1_73' title='bbox 397 1585 540 1652; x_wconf 89' lang='lat' dir='ltr'>omnibus</span> <span class='ocrx_word' id='word_1_74' title='bbox 566 1585 690 1655; x_wconf 84' lang='lat' dir='ltr'>illibata</span> <span class='ocrx_word' id='word_1_75' title='bbox 717 1585 884 1670; x_wconf 87' lang='lat' dir='ltr'>custodiri,</span> <span class='ocrx_word' id='word_1_76' title='bbox 913 1591 946 1653; x_wconf 88' lang='lat' dir='ltr'>et</span> <span class='ocrx_word' id='word_1_77' title='bbox 974 1604 1012 1652; x_wconf 86' lang='lat' dir='ltr'>eo</span> <span class='ocrx_word' id='word_1_78' title='bbox 1038 1585 1249 1671; x_wconf 87' lang='lat' dir='ltr'>potissimum,</span> 
     </span>
     <span class='ocr_line' id='line_1_13' title="bbox 77 1699 1251 1791; baseline -0.002 -22"><span class='ocrx_word' id='word_1_79' title='bbox 77 1723 162 1791; x_wconf 88' lang='lat' dir='ltr'>quae</span> <span class='ocrx_word' id='word_1_80' title='bbox 195 1703 235 1769; x_wconf 87' lang='lat' dir='ltr'>ab</span> <span class='ocrx_word' id='word_1_81' title='bbox 267 1701 426 1789; x_wconf 88' lang='lat' dir='ltr'>imperiali</span> <span class='ocrx_word' id='word_1_82' title='bbox 455 1701 547 1768; x_wconf 87' lang='lat' dir='ltr'>domo</span> <span class='ocrx_word' id='word_1_83' title='bbox 576 1702 616 1769; x_wconf 90' lang='lat' dir='ltr'>ad</span> <span class='ocrx_word' id='word_1_84' title='bbox 643 1701 848 1789; x_wconf 85' lang='lat' dir='ltr'>quodcunque</span> <span class='ocrx_word' id='word_1_85' title='bbox 874 1700 1058 1786; x_wconf 81' lang='lat' dir='ltr'>religiosum</span> <span class='ocrx_word' id='word_1_86' title='bbox 1085 1699 1251 1786; x_wconf 76' lang='lat' dir='ltr'>collegium</span> 
     </span>
     <span class='ocr_line' id='line_1_14' title="bbox 77 1817 1251 1903; baseline -0.003 -16"><span class='ocrx_word' id='word_1_87' title='bbox 77 1819 197 1888; x_wconf 84' lang='lat' dir='ltr'>collata</span> <span class='ocrx_word' id='word_1_88' title='bbox 224 1823 311 1903; x_wconf 85' lang='lat' dir='ltr'>sunt,</span> <span class='ocrx_word' id='word_1_89' title='bbox 340 1818 428 1885; x_wconf 89' lang='lat' dir='ltr'>nulla</span> <span class='ocrx_word' id='word_1_90' title='bbox 448 1819 481 1884; x_wconf 87' lang='lat' dir='ltr'>vi</span> <span class='ocrx_word' id='word_1_91' title='bbox 509 1823 563 1885; x_wconf 90' lang='lat' dir='ltr'>aut</span> <span class='ocrx_word' id='word_1_92' title='bbox 591 1818 662 1886; x_wconf 91' lang='lat' dir='ltr'>dolo</span> <span class='ocrx_word' id='word_1_93' title='bbox 686 1823 741 1885; x_wconf 86' lang='lat' dir='ltr'>aut</span> <span class='ocrx_word' id='word_1_94' title='bbox 763 1817 868 1903; x_wconf 89' lang='lat' dir='ltr'>aliquo</span> <span class='ocrx_word' id='word_1_95' title='bbox 889 1818 1051 1885; x_wconf 86' lang='lat' dir='ltr'>temerarii</span> <span class='ocrx_word' id='word_1_96' title='bbox 1072 1822 1251 1885; x_wconf 81' lang='lat' dir='ltr'>contractus</span> 
     </span>
     <span class='ocr_line' id='line_1_15' title="bbox 74 1933 1251 2022; baseline -0.002 -19"><span class='ocrx_word' id='word_1_97' title='bbox 74 1936 207 2003; x_wconf 90' lang='lat' dir='ltr'>nomine</span> <span class='ocrx_word' id='word_1_98' title='bbox 230 1934 370 2002; x_wconf 85' lang='lat' dir='ltr'>alienari</span> <span class='ocrx_word' id='word_1_99' title='bbox 406 1935 527 2002; x_wconf 87' lang='lat' dir='ltr'>Horum</span> <span class='ocrx_word' id='word_1_100' title='bbox 549 1936 657 2022; x_wconf 89' lang='lat' dir='ltr'>utique</span> <span class='ocrx_word' id='word_1_101' title='bbox 680 1933 919 2002; x_wconf 86' lang='lat' dir='ltr'>rationabilibus</span> <span class='ocrx_word' id='word_1_102' title='bbox 940 1934 1085 2002; x_wconf 86' lang='lat' dir='ltr'>inherere</span> <span class='ocrx_word' id='word_1_103' title='bbox 1099 1934 1251 2020; x_wconf 74' lang='lat' dir='ltr'>vestigiis,</span> 
     </span>
     <span class='ocr_line' id='line_1_16' title="bbox 74 2049 1252 2140; baseline 0 -22"><span class='ocrx_word' id='word_1_104' title='bbox 74 2051 208 2140; x_wconf 87' lang='lat' dir='ltr'>pietalis</span> <span class='ocrx_word' id='word_1_105' title='bbox 222 2056 350 2119; x_wconf 86' lang='lat' dir='ltr'>nostroe</span> <span class='ocrx_word' id='word_1_106' title='bbox 364 2058 413 2119; x_wconf 87' lang='lat' dir='ltr'>est</span> <span class='ocrx_word' id='word_1_107' title='bbox 426 2053 638 2138; x_wconf 83' lang='lat' dir='ltr'>propositum3</span> <span class='ocrx_word' id='word_1_108' title='bbox 656 2056 687 2118; x_wconf 91' lang='lat' dir='ltr'>et</span> <span class='ocrx_word' id='word_1_109' title='bbox 702 2049 846 2118; x_wconf 90' lang='lat' dir='ltr'>omnibus</span> <span class='ocrx_word' id='word_1_110' title='bbox 862 2050 1000 2118; x_wconf 89' lang='lat' dir='ltr'>ecclesiis</span> <span class='ocrx_word' id='word_1_111' title='bbox 1012 2050 1083 2136; x_wconf 88' lang='lat' dir='ltr'>Dei,</span> <span class='ocrx_word' id='word_1_112' title='bbox 1098 2051 1252 2133; x_wconf 73' lang='lat' dir='ltr'>maxime·</span> 
     </span>
    </p>

    <p class='ocr_par' dir='ltr' id='par_1_5' title="bbox 77 2167 1253 2256">
     <span class='ocr_line' id='line_1_17' title="bbox 77 2167 1253 2256; baseline -0.004 -20"><span class='ocrx_word' id='word_1_113' title='bbox 77 2189 142 2255; x_wconf 88' lang='lat' dir='ltr'>que</span> <span class='ocrx_word' id='word_1_114' title='bbox 164 2169 224 2252; x_wconf 81' lang='lat' dir='ltr'>bis,</span> <span class='ocrx_word' id='word_1_115' title='bbox 248 2188 328 2254; x_wconf 88' lang='lat' dir='ltr'>quae</span> <span class='ocrx_word' id='word_1_116' title='bbox 342 2167 500 2255; x_wconf 84' lang='lat' dir='ltr'>imperiali</span> <span class='ocrx_word' id='word_1_117' title='bbox 515 2169 694 2256; x_wconf 81' lang='lat' dir='ltr'>specialiter</span> <span class='ocrx_word' id='word_1_118' title='bbox 709 2168 821 2234; x_wconf 91' lang='lat' dir='ltr'>ditioni</span> <span class='ocrx_word' id='word_1_119' title='bbox 836 2168 964 2236; x_wconf 85' lang='lat' dir='ltr'>subesse</span> <span class='ocrx_word' id='word_1_120' title='bbox 977 2172 1159 2251; x_wconf 88' lang='lat' dir='ltr'>noscuntur,</span> <span class='ocrx_word' id='word_1_121' title='bbox 1182 2167 1253 2232; x_wconf 87' lang='lat' dir='ltr'>iura</span> 
     </span>
    </p>

    <p class='ocr_par' dir='ltr' id='par_1_6' title="bbox 77 2283 1251 2372">
     <span class='ocr_line' id='line_1_18' title="bbox 77 2283 1251 2372; baseline -0.004 -20"><span class='ocrx_word' id='word_1_122' title='bbox 77 2289 114 2352; x_wconf 90' lang='lat' dir='ltr'>et</span> <span class='ocrx_word' id='word_1_123' title='bbox 127 2284 342 2372; x_wconf 89' lang='lat' dir='ltr'>possessiones</span> <span class='ocrx_word' id='word_1_124' title='bbox 358 2305 466 2351; x_wconf 82' lang='lat' dir='ltr'>aarum</span> <span class='ocrx_word' id='word_1_125' title='bbox 480 2303 676 2367; x_wconf 85' lang='lat' dir='ltr'>conservare,</span> <span class='ocrx_word' id='word_1_126' title='bbox 691 2283 897 2351; x_wconf 85' lang='lat' dir='ltr'>humanitatis</span> <span class='ocrx_word' id='word_1_127' title='bbox 911 2287 1038 2349; x_wconf 86' lang='lat' dir='ltr'>nostrae</span> <span class='ocrx_word' id='word_1_128' title='bbox 1049 2286 1099 2348; x_wconf 89' lang='lat' dir='ltr'>est</span> <span class='ocrx_word' id='word_1_129' title='bbox 1108 2283 1251 2348; x_wconf 88' lang='lat' dir='ltr'>intentio.</span> 
     </span>
    </p>

    <p class='ocr_par' dir='ltr' id='par_1_7' title="bbox 77 2397 1254 2487">
     <span class='ocr_line' id='line_1_19' title="bbox 77 2397 1254 2487; baseline -0.004 -21"><span class='ocrx_word' id='word_1_130' title='bbox 77 2399 182 2485; x_wconf 86' lang='lat' dir='ltr'>Unde,</span> <span class='ocrx_word' id='word_1_131' title='bbox 207 2401 354 2486; x_wconf 91' lang='lat' dir='ltr'>quoniam</span> <span class='ocrx_word' id='word_1_132' title='bbox 377 2398 559 2487; x_wconf 75' lang='lat' dir='ltr'>ipontifice</span> <span class='ocrx_word' id='word_1_133' title='bbox 575 2399 676 2466; x_wconf 71' lang='lat' dir='ltr'>amaa</span> <span class='ocrx_word' id='word_1_134' title='bbox 693 2404 822 2466; x_wconf 89' lang='lat' dir='ltr'>nostrae</span> <span class='ocrx_word' id='word_1_135' title='bbox 835 2400 923 2466; x_wconf 87' lang='lat' dir='ltr'>urbis</span> <span class='ocrx_word' id='word_1_136' title='bbox 937 2398 1056 2465; x_wconf 85' lang='lat' dir='ltr'>Romae</span> <span class='ocrx_word' id='word_1_137' title='bbox 1069 2397 1207 2462; x_wconf 87' lang='lat' dir='ltr'>iudicem</span> <span class='ocrx_word' id='word_1_138' title='bbox 1220 2399 1254 2462; x_wconf 91' lang='lat' dir='ltr'>te</span> 
     </span>
    </p>

    <p class='ocr_par' dir='ltr' id='par_1_8' title="bbox 78 2509 1253 2601">
     <span class='ocr_line' id='line_1_20' title="bbox 78 2509 1253 2601; baseline -0.004 -19"><span class='ocrx_word' id='word_1_139' title='bbox 78 2516 261 2583; x_wconf 89' lang='lat' dir='ltr'>ordinatum</span> <span class='ocrx_word' id='word_1_140' title='bbox 285 2537 353 2584; x_wconf 83' lang='lat' dir='ltr'>esse</span> <span class='ocrx_word' id='word_1_141' title='bbox 376 2516 577 2601; x_wconf 81' lang='lat' dir='ltr'>cognovimus</span> <span class='ocrx_word' id='word_1_142' title='bbox 594 2535 688 2601; x_wconf 89' lang='lat' dir='ltr'>super</span> <span class='ocrx_word' id='word_1_143' title='bbox 703 2517 839 2600; x_wconf 82' lang='lat' dir='ltr'>negotio,</span> <span class='ocrx_word' id='word_1_144' title='bbox 863 2515 947 2601; x_wconf 90' lang='lat' dir='ltr'>quod</span> <span class='ocrx_word' id='word_1_145' title='bbox 960 2515 1044 2582; x_wconf 89' lang='lat' dir='ltr'>inter</span> <span class='ocrx_word' id='word_1_146' title='bbox 1057 2509 1253 2580; x_wconf 82' lang='lat' dir='ltr'>uenerabiles</span> 
     </span>
    </p>

    <p class='ocr_par' dir='ltr' id='par_1_9' title="bbox 76 2628 1254 2836">
     <span class='ocr_line' id='line_1_21' title="bbox 76 2628 1254 2722; baseline -0.005 -23"><span class='ocrx_word' id='word_1_147' title='bbox 76 2633 242 2722; x_wconf 82' lang='lat' dir='ltr'>principes</span> <span class='ocrx_word' id='word_1_148' title='bbox 263 2638 399 2717; x_wconf 91' lang='lat' dir='ltr'>nostros,</span> <span class='ocrx_word' id='word_1_149' title='bbox 423 2632 568 2699; x_wconf 86' lang='lat' dir='ltr'>abbatem</span> <span class='ocrx_word' id='word_1_150' title='bbox 589 2630 811 2698; x_wconf 84' lang='lat' dir='ltr'>Gorbeicnsem</span> <span class='ocrx_word' id='word_1_151' title='bbox 833 2637 865 2698; x_wconf 90' lang='lat' dir='ltr'>et</span> <span class='ocrx_word' id='word_1_152' title='bbox 887 2632 1069 2718; x_wconf 90' lang='lat' dir='ltr'>episcopum</span> <span class='ocrx_word' id='word_1_153' title='bbox 1085 2628 1254 2695; x_wconf 88' lang='lat' dir='ltr'>Osembru·</span> 
     </span>
     <span class='ocr_line' id='line_1_22' title="bbox 78 2743 1253 2836; baseline -0.005 -20"><span class='ocrx_word' id='word_1_154' title='bbox 78 2769 222 2833; x_wconf 80' lang='lat' dir='ltr'>gcnsem,</span> <span class='ocrx_word' id='word_1_155' title='bbox 246 2750 394 2816; x_wconf 87' lang='lat' dir='ltr'>actitatur</span> <span class='ocrx_word' id='word_1_156' title='bbox 416 2769 512 2836; x_wconf 89' lang='lat' dir='ltr'>super</span> <span class='ocrx_word' id='word_1_157' title='bbox 527 2746 713 2835; x_wconf 84' lang='lat' dir='ltr'>quibusdam</span> <span class='ocrx_word' id='word_1_158' title='bbox 730 2747 871 2832; x_wconf 84' lang='lat' dir='ltr'>decimis,</span> <span class='ocrx_word' id='word_1_159' title='bbox 889 2768 908 2814; x_wconf 87' lang='lat' dir='ltr'>c</span> <span class='ocrx_word' id='word_1_160' title='bbox 922 2748 1015 2814; x_wconf 83' lang='lat' dir='ltr'>divae</span> <span class='ocrx_word' id='word_1_161' title='bbox 1028 2743 1253 2813; x_wconf 85' lang='lat' dir='ltr'>recordationis</span> 
     </span>
    </p>

    <p class='ocr_par' dir='ltr' id='par_1_10' title="bbox 78 2859 1254 2952">
     <span class='ocr_line' id='line_1_23' title="bbox 78 2859 1254 2952; baseline -0.003 -22"><span class='ocrx_word' id='word_1_162' title='bbox 78 2863 270 2932; x_wconf 84' lang='lat' dir='ltr'>Luodeuicc</span> <span class='ocrx_word' id='word_1_163' title='bbox 291 2868 481 2952; x_wconf 81' lang='lat' dir='ltr'>imperatore</span> <span class='ocrx_word' id='word_1_164' title='bbox 504 2869 635 2948; x_wconf 84' lang='lat' dir='ltr'>augusto</span> <span class='ocrx_word' id='word_1_165' title='bbox 650 2862 834 2931; x_wconf 85' lang='lat' dir='ltr'>Gerbeiensi</span> <span class='ocrx_word' id='word_1_166' title='bbox 856 2863 1025 2931; x_wconf 87' lang='lat' dir='ltr'>aecclesiae</span> <span class='ocrx_word' id='word_1_167' title='bbox 1041 2862 1174 2946; x_wconf 78' lang='lat' dir='ltr'>collatis,</span> <span class='ocrx_word' id='word_1_168' title='bbox 1198 2859 1254 2927; x_wconf 88' lang='lat' dir='ltr'>sed</span> 
     </span>
    </p>

    <p class='ocr_par' dir='ltr' id='par_1_11' title="bbox 78 2979 1254 3069">
     <span class='ocr_line' id='line_1_24' title="bbox 78 2979 1254 3069; baseline -0.004 -21"><span class='ocrx_word' id='word_1_169' title='bbox 78 2986 195 3069; x_wconf 88' lang='lat' dir='ltr'>postea</span> <span class='ocrx_word' id='word_1_170' title='bbox 215 2983 320 3048; x_wconf 89' lang='lat' dir='ltr'>nescio</span> <span class='ocrx_word' id='word_1_171' title='bbox 340 3003 400 3068; x_wconf 89' lang='lat' dir='ltr'>quo</span> <span class='ocrx_word' id='word_1_172' title='bbox 416 2981 614 3049; x_wconf 81' lang='lat' dir='ltr'>alienationis</span> <span class='ocrx_word' id='word_1_173' title='bbox 629 2979 721 3047; x_wconf 88' lang='lat' dir='ltr'>titulo</span> <span class='ocrx_word' id='word_1_174' title='bbox 737 2981 777 3046; x_wconf 91' lang='lat' dir='ltr'>ad</span> <span class='ocrx_word' id='word_1_175' title='bbox 793 2981 1009 3069; x_wconf 87' lang='lat' dir='ltr'>episcopatum</span> <span class='ocrx_word' id='word_1_176' title='bbox 1024 2979 1254 3062; x_wconf 77' lang='lat' dir='ltr'>osembrugen-</span> 
     </span>
    </p>

    <p class='ocr_par' dir='ltr' id='par_1_12' title="bbox 79 3096 1254 3186">
     <span class='ocr_line' id='line_1_25' title="bbox 79 3096 1254 3186; baseline -0.003 -22"><span class='ocrx_word' id='word_1_177' title='bbox 79 3117 151 3165; x_wconf 89' lang='lat' dir='ltr'>sem</span> <span class='ocrx_word' id='word_1_178' title='bbox 173 3097 345 3183; x_wconf 77' lang='lat' dir='ltr'>translatis,</span> <span class='ocrx_word' id='word_1_179' title='bbox 367 3097 569 3186; x_wconf 84' lang='lat' dir='ltr'>prudentiam</span> <span class='ocrx_word' id='word_1_180' title='bbox 590 3103 677 3165; x_wconf 88' lang='lat' dir='ltr'>tuam</span> <span class='ocrx_word' id='word_1_181' title='bbox 701 3101 863 3164; x_wconf 85' lang='lat' dir='ltr'>exoratam</span> <span class='ocrx_word' id='word_1_182' title='bbox 879 3096 1116 3181; x_wconf 85' lang='lat' dir='ltr'>essevolumus,</span> <span class='ocrx_word' id='word_1_183' title='bbox 1137 3100 1185 3180; x_wconf 80' lang='lat' dir='ltr'>ut,</span> <span class='ocrx_word' id='word_1_184' title='bbox 1206 3099 1254 3161; x_wconf 84' lang='lat' dir='ltr'>to·</span> 
     </span>
    </p>

    <p class='ocr_par' dir='ltr' id='par_1_13' title="bbox 79 3212 1254 3300">
     <span class='ocr_line' id='line_1_26' title="bbox 79 3212 1254 3300; baseline -0.003 -19"><span class='ocrx_word' id='word_1_185' title='bbox 79 3234 160 3282; x_wconf 91' lang='lat' dir='ltr'>nore</span> <span class='ocrx_word' id='word_1_186' title='bbox 188 3213 425 3300; x_wconf 78' lang='lat' dir='ltr'>privilegiorum</span> <span class='ocrx_word' id='word_1_187' title='bbox 448 3213 645 3281; x_wconf 84' lang='lat' dir='ltr'>Gorboiensis</span> <span class='ocrx_word' id='word_1_188' title='bbox 667 3214 836 3282; x_wconf 86' lang='lat' dir='ltr'>aecclesiae</span> <span class='ocrx_word' id='word_1_189' title='bbox 859 3212 1026 3298; x_wconf 86' lang='lat' dir='ltr'>diligenter</span> <span class='ocrx_word' id='word_1_190' title='bbox 1047 3212 1254 3296; x_wconf 75' lang='lat' dir='ltr'>conuleroto,</span> 
     </span>
    </p>

    <p class='ocr_par' dir='ltr' id='par_1_14' title="bbox 81 3330 997 3417">
     <span class='ocr_line' id='line_1_27' title="bbox 81 3330 997 3417; baseline -0.002 -19"><span class='ocrx_word' id='word_1_191' title='bbox 81 3330 225 3398; x_wconf 87' lang='lat' dir='ltr'>debitum</span> <span class='ocrx_word' id='word_1_192' title='bbox 248 3334 280 3397; x_wconf 89' lang='lat' dir='ltr'>et</span> <span class='ocrx_word' id='word_1_193' title='bbox 301 3335 443 3417; x_wconf 89' lang='lat' dir='ltr'>optatum</span> <span class='ocrx_word' id='word_1_194' title='bbox 466 3330 561 3398; x_wconf 87' lang='lat' dir='ltr'>finem</span> <span class='ocrx_word' id='word_1_195' title='bbox 584 3330 685 3396; x_wconf 90' lang='lat' dir='ltr'>eidem</span> <span class='ocrx_word' id='word_1_196' title='bbox 708 3349 822 3397; x_wconf 87' lang='lat' dir='ltr'>causae</span> <span class='ocrx_word' id='word_1_197' title='bbox 842 3330 997 3417; x_wconf 83' lang='lat' dir='ltr'>imponas.</span> 
     </span>
    </p>
   </div>
   <div class='ocr_carea' id='block_1_3' title="bbox 81 3541 1368 4317">
    <p class='ocr_par' dir='ltr' id='par_1_15' title="bbox 81 3541 1254 3864">
     <span class='ocr_line' id='line_1_28' title="bbox 81 3541 1254 3632; baseline -0.005 -18"><span class='ocrx_word' id='word_1_198' title='bbox 81 3541 175 3615; x_wconf 87' lang='grc'><strong>448.</strong></span> <span class='ocrx_word' id='word_1_199' title='bbox 197 3545 376 3612; x_wconf 72' lang='lat' dir='ltr'>Fn‘ders&#39;as</span> <span class='ocrx_word' id='word_1_200' title='bbox 389 3547 413 3612; x_wconf 91' lang='grc' dir='ltr'><em>Ι</em></span> <span class='ocrx_word' id='word_1_201' title='bbox 428 3547 597 3632; x_wconf 65' lang='lat' dir='ltr'>inperator</span> <span class='ocrx_word' id='word_1_202' title='bbox 612 3543 753 3611; x_wconf 78' lang='lat' dir='ltr'>Wtooldo</span> <span class='ocrx_word' id='word_1_203' title='bbox 775 3546 914 3611; x_wconf 73' lang='lat' dir='ltr'>rescsibit</span> <span class='ocrx_word' id='word_1_204' title='bbox 928 3545 967 3610; x_wconf 77' lang='lat' dir='ltr'>ds</span> <span class='ocrx_word' id='word_1_205' title='bbox 985 3544 1187 3630; x_wconf 76' lang='lat' dir='ltr'>Bcrpmodioe</span> <span class='ocrx_word' id='word_1_206' title='bbox 1200 3565 1254 3608; x_wconf 80' lang='lat' dir='ltr'>ns·</span> 
     </span>
     <span class='ocr_line' id='line_1_29' title="bbox 194 3658 1254 3750; baseline -0.006 -22"><span class='ocrx_word' id='word_1_207' title='bbox 194 3663 294 3750; x_wconf 70' lang='lat' dir='ltr'>peliis,</span> <span class='ocrx_word' id='word_1_208' title='bbox 311 3663 350 3727; x_wconf 81' lang='lat' dir='ltr'>de</span> <span class='ocrx_word' id='word_1_209' title='bbox 364 3663 453 3728; x_wconf 77' lang='lat' dir='ltr'>ceeia</span> <span class='ocrx_word' id='word_1_210' title='bbox 468 3661 611 3748; x_wconf 76' lang='lat' dir='ltr'>Spirensi</span> <span class='ocrx_word' id='word_1_211' title='bbox 623 3659 738 3742; x_wconf 59' lang='lat' dir='ltr'>bobba,</span> <span class='ocrx_word' id='word_1_212' title='bbox 756 3662 794 3726; x_wconf 85' lang='lat' dir='ltr'>de</span> <span class='ocrx_word' id='word_1_213' title='bbox 809 3663 896 3726; x_wconf 77' lang='lat' dir='ltr'>casia</span> <span class='ocrx_word' id='word_1_214' title='bbox 913 3660 1048 3726; x_wconf 82' lang='lat' dir='ltr'>Ulmenci</span> <span class='ocrx_word' id='word_1_215' title='bbox 1062 3658 1254 3724; x_wconf 75' lang='lat' dir='ltr'>celebrande.</span> 
     </span>
     <span class='ocr_line' id='line_1_30' title="bbox 199 3773 1254 3864; baseline -0.005 -22"><span class='ocrx_word' id='word_1_216' title='bbox 199 3777 331 3842; x_wconf 72' lang='lat' dir='ltr'>Pesticos</span> <span class='ocrx_word' id='word_1_217' title='bbox 358 3799 427 3841; x_wconf 82' lang='lat' dir='ltr'>eoem</span> <span class='ocrx_word' id='word_1_218' title='bbox 454 3777 618 3864; x_wconf 80' lang='lat' dir='ltr'>inferiores</span> <span class='ocrx_word' id='word_1_219' title='bbox 639 3775 742 3841; x_wconf 69' lang='lat' dir='ltr'>Reme</span> <span class='ocrx_word' id='word_1_220' title='bbox 764 3787 996 3863; x_wconf 69' lang='lat' dir='ltr'>possessosum</span> <span class='ocrx_word' id='word_1_221' title='bbox 1018 3774 1162 3840; x_wconf 78' lang='lat' dir='ltr'>accedere</span> <span class='ocrx_word' id='word_1_222' title='bbox 1183 3773 1254 3838; x_wconf 63' lang='lat' dir='ltr'>ocu.</span> 
     </span>
    </p>

    <p class='ocr_par' dir='ltr' id='par_1_16' title="bbox 81 3885 1368 4317">
     <span class='ocr_line' id='line_1_31' title="bbox 197 3885 1254 3969; baseline -0.006 -10"><span class='ocrx_word' id='word_1_223' title='bbox 197 3893 249 3959; x_wconf 85' lang='lat' dir='ltr'>De</span> <span class='ocrx_word' id='word_1_224' title='bbox 270 3894 392 3958; x_wconf 75' lang='lat' dir='ltr'>iniuriis</span> <span class='ocrx_word' id='word_1_225' title='bbox 414 3894 479 3959; x_wconf 80' lang='lat' dir='ltr'>eius</span> <span class='ocrx_word' id='word_1_226' title='bbox 499 3891 693 3958; x_wconf 72' lang='lat' dir='ltr'>vindicandis</span> <span class='ocrx_word' id='word_1_227' title='bbox 715 3891 812 3956; x_wconf 83' lang='lat' dir='ltr'>addit.</span> <span class='ocrx_word' id='word_1_228' title='bbox 1094 3885 1148 3968; x_wconf 83' lang='grc' dir='ltr'>(Μ.</span> <span class='ocrx_word' id='word_1_229' title='bbox 1164 3886 1254 3969; x_wconf 87' lang='grc'>418.)</span> 
     </span>
     <span class='ocr_line' id='line_1_32' title="bbox 174 4010 1359 4100; baseline -0.006 -17"><span class='ocrx_word' id='word_1_230' title='bbox 174 4014 379 4099; x_wconf 72' lang='lat' dir='ltr'>Pindaricae)</span> <span class='ocrx_word' id='word_1_231' title='bbox 401 4013 462 4081; x_wconf 91' lang='lat' dir='ltr'>Dei</span> <span class='ocrx_word' id='word_1_232' title='bbox 483 4013 587 4096; x_wconf 63' lang='lat' dir='ltr'>matio</span> <span class='ocrx_word' id='word_1_233' title='bbox 605 4011 819 4080; x_wconf 58' lang='lat' dir='ltr'>&amp;muncrum</span> <span class='ocrx_word' id='word_1_234' title='bbox 839 4012 1012 4100; x_wconf 87' lang='lat' dir='ltr'>imperator</span> <span class='ocrx_word' id='word_1_235' title='bbox 1034 4015 1184 4094; x_wconf 75' lang='lat' dir='ltr'>augustus</span> <span class='ocrx_word' id='word_1_236' title='bbox 1206 4010 1255 4077; x_wconf 85' lang='lat' dir='ltr'>di·</span> <span class='ocrx_word' id='word_1_237' title='bbox 1289 4031 1359 4089; x_wconf 81' lang='lat'>1156</span> 
     </span>
     <span class='ocr_line' id='line_1_33' title="bbox 81 4111 1368 4218; baseline -0.007 -16"><span class='ocrx_word' id='word_1_238' title='bbox 81 4135 167 4202; x_wconf 90' lang='lat' dir='ltr'>lecto</span> <span class='ocrx_word' id='word_1_239' title='bbox 190 4151 246 4199; x_wconf 89' lang='lat' dir='ltr'>suo</span> <span class='ocrx_word' id='word_1_240' title='bbox 262 4129 430 4214; x_wconf 86' lang='lat' dir='ltr'>W(ibaldo)</span> <span class='ocrx_word' id='word_1_241' title='bbox 452 4129 625 4197; x_wconf 86' lang='lat' dir='ltr'>venerabili</span> <span class='ocrx_word' id='word_1_242' title='bbox 641 4128 824 4198; x_wconf 75' lang='lat' dir='ltr'>corbeiensi</span> <span class='ocrx_word' id='word_1_243' title='bbox 846 4128 953 4196; x_wconf 85' lang='lat' dir='ltr'>abbati</span> <span class='ocrx_word' id='word_1_244' title='bbox 967 4127 1103 4212; x_wconf 76' lang='lat' dir='ltr'>gratiam</span> <span class='ocrx_word' id='word_1_245' title='bbox 1119 4147 1209 4194; x_wconf 88' lang='lat' dir='ltr'>suam</span> <span class='ocrx_word' id='word_1_246' title='bbox 1224 4131 1257 4194; x_wconf 87' lang='lat' dir='ltr'>et</span> <span class='ocrx_word' id='word_1_247' title='bbox 1271 4111 1368 4218; x_wconf 57' lang='lat' dir='ltr'>nffi,</span> 
     </span>
     <span class='ocr_line' id='line_1_34' title="bbox 84 4248 327 4317; baseline -0.025 0"><span class='ocrx_word' id='word_1_248' title='bbox 84 4269 179 4317; x_wconf 91' lang='lat' dir='ltr'>omne</span> <span class='ocrx_word' id='word_1_249' title='bbox 201 4248 327 4316; x_wconf 89' lang='lat' dir='ltr'>bonum.</span> 
     </span>
    </p>
   </div>
   <div class='ocr_carea' id='block_1_4' title="bbox 175 4360 1374 4531">
    <p class='ocr_par' dir='ltr' id='par_1_17' title="bbox 175 4360 1374 4531">
     <span class='ocr_line' id='line_1_35' title="bbox 175 4360 1374 4449; baseline -0.003 -18"><span class='ocrx_word' id='word_1_250' title='bbox 175 4363 225 4431; x_wconf 91' lang='lat' dir='ltr'>De</span> <span class='ocrx_word' id='word_1_251' title='bbox 241 4367 326 4430; x_wconf 86' lang='lat' dir='ltr'>statu</span> <span class='ocrx_word' id='word_1_252' title='bbox 340 4366 466 4429; x_wconf 85' lang='lat' dir='ltr'>nostrae</span> <span class='ocrx_word' id='word_1_253' title='bbox 481 4362 700 4449; x_wconf 86' lang='lat' dir='ltr'>prosperitatis</span> <span class='ocrx_word' id='word_1_254' title='bbox 715 4366 748 4430; x_wconf 89' lang='lat' dir='ltr'>te</span> <span class='ocrx_word' id='word_1_255' title='bbox 762 4367 914 4447; x_wconf 87' lang='lat' dir='ltr'>tanquam</span> <span class='ocrx_word' id='word_1_256' title='bbox 929 4360 1099 4449; x_wconf 89' lang='lat' dir='ltr'>specialem</span> <span class='ocrx_word' id='word_1_257' title='bbox 1113 4367 1256 4428; x_wconf 73' lang='lat' dir='ltr'>nocuum</span> <span class='ocrx_word' id='word_1_258' title='bbox 1371 4431 1374 4438; x_wconf 68' lang='grc'>,</span> 
     </span>
     <span class='ocr_line' id='line_1_36' title="bbox 981 4472 1043 4531; baseline 0.016 -1"><span class='ocrx_word' id='word_1_259' title='bbox 981 4472 1043 4531; x_wconf 73' lang='lat'>37*</span> 
     </span>
    </p>
   </div>
   <div class='ocr_carea' id='block_1_5' title="bbox 0 0 1576 4859">
    <p class='ocr_par' dir='ltr' id='par_1_18' title="bbox 0 0 1576 4859">
     <span class='ocr_line' id='line_1_37' title="bbox 0 0 1576 4859; baseline 0 0"><span class='ocrx_word' id='word_1_260' title='bbox 0 0 1576 4859; x_wconf 95' lang='lat' dir='ltr'> </span> 
     </span>
    </p>
   </div>
  </div>
 </body>
</html>
