3117 4859
433 297 582 346 vmsnm
602 295 768 346 nersronu
789 295 843 344 aas.
1107 307 1114 318 ·
1155 279 1222 348 478

51 446 158 509 mater
177 445 288 509 noste
301 439 495 508 (boloniensis
518 439 678 525 aecclesia,
700 461 765 508 una
785 439 895 526 utique
911 439 953 506 de
964 437 1085 506 inclitis
1097 437 1223 508 filiabus
1241 447 1311 504 nol

51 562 273 626 sacrosanctae
294 557 422 624 matris·
444 563 571 626 nosuae
594 557 733 625 Romane
756 555 944 641 aecclesiae,
971 557 1024 623 cui
1049 575 1135 624 nuno
1155 556 1224 624 Deo

52 680 184 742 auctore
204 673 337 741 feliciter
352 675 531 761 presidetis,
553 679 679 761 promte
696 678 728 740 et
743 671 841 739 alacri
853 691 918 740 non
933 671 1035 740 solum
1048 673 1226 740 constantia

52 795 167 858 verum
189 790 286 857 etiem
308 788 443 858 efficta
457 790 615 874 militavit,
637 795 707 856 turo
721 788 877 874 videlicet,
899 789 1023 874 quando
1039 789 1150 856 eadem
1162 788 1225 857 Ro·

51 927 150 974 mana
172 905 324 974 aecclesia
344 927 403 994 pro
426 908 599 976 assertione
612 907 754 973 veritatis
778 910 811 973 et
833 906 984 974 ortodoxe
1005 905 1165 991 religionis
1187 927 1226 974 ac

52 1029 236 1090 sancmrum
263 1024 523 1090 constitutionum
550 1023 730 1090 defensione
758 1042 848 1090 arma
874 1027 985 1089 oontm
1008 1023 1151 1090 tirannos
1172 1044 1225 1090 su·

51 1161 140 1208 mere
164 1145 197 1208 et
218 1160 287 1208 sese
308 1139 443 1208 viriliter
465 1139 548 1206 tueri
570 1144 602 1206 et
623 1138 658 1204 in
679 1139 842 1232 propriam
862 1138 1042 1206 libertatem
1059 1139 1225 1208 vendicare

4 1295 5 1300 =
53 1263 164 1324 coacta
186 1262 243 1324 est
278 1257 315 1324 ln
331 1278 392 1344 quo
410 1257 591 1340 certamine,
614 1260 766 1341 quantum
787 1255 975 1324 universalis
997 1261 1098 1323 status
1118 1255 1225 1323 cstbo-

4 1409 6 1448 ,
53 1373 134 1440 licae
158 1372 307 1440 ecclesiae
321 1375 437 1442 virium
460 1379 492 1441 et
512 1372 699 1440 incrementi
718 1372 894 1459 suscepisse
914 1373 1000 1440 visus
1022 1377 1081 1457 est,
1102 1377 1226 1440 entem

4 1523 6 1566 ;
54 1489 168 1578 procul
194 1490 289 1558 dubio
316 1511 367 1558 res
388 1495 499 1558 nostra
519 1489 686 1558 familiaris
707 1493 776 1555 tum
797 1488 832 1554 in
854 1509 930 1556 suae
950 1488 1039 1575 pacis
1060 1487 1225 1575 perturba·

4 1643 7 1684 ς
55 1607 140 1675 b'one
155 1611 225 1674 tum
239 1607 274 1674 in
288 1627 415 1674 suarum
430 1606 665 1694 possessionum
680 1604 887 1672 diminutione
901 1604 1083 1672 dorimenti
1094 1604 1224 1691 accepit.

4 1761 7 1802 ,
56 1721 220 1808 Siquidem
246 1727 322 1790 tunc
347 1723 452 1810 patria
473 1726 583 1791 nostra
605 1721 786 1790 occubuisse
807 1720 964 1788 credenda
985 1725 1050 1805 est,
1077 1740 1149 1787 cnm
1172 1741 1226 1788 ex·

55 1839 163 1908 tinctis
185 1839 326 1906 iustitiae
348 1839 563 1907 defensoribus
584 1837 714 1906 inermis
737 1843 769 1903 st
792 1836 909 1922 absque
925 1842 1102 1925 protectore
1115 1837 1227 1904 relicta

58 1960 119 2040 est,
146 1961 237 2024 tanto
258 1956 370 2024 ruinae
391 1975 467 2023 suae
487 1957 641 2024 maiorem
661 1955 784 2021 iectura
803 1954 968 2038 iacturum,
991 1958 1109 2039 quanto
1129 1953 1227 2022 subli-

57 2072 177 2139 mitatis
204 2093 279 2140 suae
300 2073 457 2160 potiorem
477 2077 662 2161 perceperat
683 2070 825 2156 gloriam.
869 2068 951 2137 Nam
974 2091 1014 2137 sx
1035 2069 1228 2157 prelatorum

4 2227 8 2270 ξ
58 2207 186 2256 suorum
212 2193 245 2257 et
269 2194 379 2256 nostm
399 2189 559 2256 communi
580 2187 773 2274 negligentia
795 2185 835 2253 ds
856 2184 1043 2254 celsitudine
1063 2187 1231 2253 eosvenit

58 2303 91 2372 iu
111 2305 331 2390 abiectionem,
354 2305 393 2372 de
415 2303 525 2388 regulo
543 2305 578 2371 in
593 2304 786 2388 abusionem,
809 2303 848 2369 de
862 2301 982 2368 divitiis
996 2302 1031 2369 in
1045 2307 1226 2386 egestatem,

5 2463 7 2500 v
58 2420 90 2486 iu
111 2422 356 2489 commotionem
378 2420 416 2488 de
438 2420 678 2508 tranquillitate,
704 2421 740 2487 iu
760 2419 967 2504 ignominiam
989 2418 1028 2486 ds
1050 2417 1227 2504 splendore,

60 2536 278 2605 ininfamiam
300 2538 339 2605 de
361 2536 535 2606 nobilitate.
569 2536 613 2604 Et
634 2535 693 2604 hoc
715 2536 843 2622 quidem
862 2534 983 2601 facturn
1004 2537 1053 2600 est
1067 2535 1228 2602 sanctissi-

60 2653 117 2720 mis
140 2674 180 2722 ac
195 2654 377 2720 iustissimis
395 2654 501 2720 divine
515 2652 732 2740 providentiae
746 2650 879 2734 inditiis,
902 2653 951 2716 set
966 2650 985 2717 t
998 2655 1108 2717 nostra
1121 2651 1228 2735 cogni-

4 2793 6 2802 ’
60 2769 141 2839 done
165 2771 292 2858 penitus
314 2770 461 2852 remotis3
491 2787 562 2836 cum
583 2769 618 2835 in
641 2769 726 2836 omni
748 2772 876 2856 patrum
896 2770 1077 2832 nostrorum
1100 2766 1228 2834 decessu

60 2891 167 2954 nostm
180 2907 269 2956 mens
285 2886 425 2954 omnium
439 2886 506 2954 fere
522 2890 555 2954 et
569 2885 736 2952 concordie
749 2884 855 2968 tuerit,
872 2886 910 2949 ut
923 2881 1003 2950 tales
1017 2881 1086 2949 Deo
1102 2887 1228 2950 auctore

4 3067 5 3074 ,
60 3001 92 3068 iu
119 3009 228 3090 patres
255 3008 288 3071 et
313 3009 457 3092 pastores
480 3003 657 3070 animarum
680 3001 795 3086 eligere
816 3019 998 3088 possemus,
1025 3000 1080 3085 qui
1101 2999 1143 3066 ad
1162 2999 1228 3068 tale

4 3165 6 3202 ,
62 3135 135 3188 onus
157 3119 349 3207 portandum
372 3124 404 3187 et
427 3120 467 3186 ad
481 3125 605 3186 tantem
619 3119 805 3203 dignitatem
820 3117 1028 3185 decorandam
1042 3115 1228 3185 suffitientes

62 3237 92 3300 ot
110 3235 217 3304 idonei
240 3236 449 3304 crederentur.
495 3234 590 3302 Omni
613 3235 696 3302 enim
719 3235 822 3322 capite
843 3233 1008 3318 languido,
1029 3253 1158 3302 necasse
1180 3239 1229 3303 est

63 3368 151 3419 omns
177 3371 231 3419 cor
252 3373 376 3420 merens
399 3353 535 3420 existere
558 3356 590 3418 et
611 3370 630 3417 a
652 3350 761 3438 plante
782 3350 873 3438 pedis
894 3370 993 3436 usque
1016 3349 1057 3416 ad
1078 3351 1229 3418 verticem

63 3465 95 3532 iu
115 3467 226 3536 eodem
247 3487 379 3556 corpore
399 3468 519 3536 nullom
545 3487 613 3535 osse
636 3468 813 3534 sanitatem.
847 3464 902 3532 Set
923 3465 1023 3533 divini
1044 3466 1228 3548 ordinissa·

4 3595 5 3648 ὲ
62 3582 189 3670 pientio,
213 3605 293 3672 quse
314 3585 442 3670 attingit
464 3605 484 3652 a
504 3583 567 3652 fine
587 3603 688 3670 usque
710 3582 750 3650 ed
771 3581 868 3650 finem
889 3582 1013 3650 fortiter
1035 3587 1068 3648 et
1089 3582 1229 3668 disponit

64 3701 166 3768 omnia
187 3703 325 3770 suaviter
333 3696 351 3786 ¹,
374 3707 499 3768 nostras
521 3699 699 3778 voluntates
723 3698 762 3766 ad
784 3719 876 3766 snum
889 3703 1003 3766 nutum
1016 3698 1228 3781 convertcbet,

4 3839 5 3898 ε
63 3819 180 3886 utnon
200 3819 236 3884 in
258 3816 486 3886 edificationem
508 3822 557 3884 set
578 3817 686 3904 potius
705 3817 740 3882 in
763 3816 999 3884 subversionem
1014 3821 1141 3882 nostrae
1153 3833 1229 3901 pro·

65 3931 184 4002 euers
210 3933 369 4002 electionis
392 3934 579 4002 coniventia
625 3933 773 4000 mom
795 3936 903 4000 tanuen
924 3930 1082 4016 suffragiis
1103 3935 1137 3997 et
1156 3948 1229 4016 pre

65 4047 159 4136 cipuis
174 4051 256 4118 votis
280 4051 485 4138 expetebatur
506 4051 572 4117 iam
593 4049 691 4117 tercio
713 4049 752 4134 is,
775 4049 831 4135 qui
851 4067 936 4115 nuno
949 4047 1018 4116 Deo
1034 4067 1085 4114 res
1104 4050 1229 4112 nostres

65 4165 230 4236 miserante
252 4166 368 4236 electus
391 4173 448 4252 est,
472 4166 555 4253 quia,
578 4171 615 4232 ut
636 4166 675 4233 de
696 4163 879 4253 patriarcha
899 4163 991 4230 Iacob
1012 4162 1137 4247 legitur,
1160 4166 1230 4228 crat

65 4279 111 4348 vir
129 4285 163 4352 in
185 4285 305 4352 cunctis
328 4303 478 4372 prospere
500 4279 630 4367 agens¹3
653 4282 709 4350 sed
726 4301 798 4349 oum
820 4300 911 4348 suam
931 4277 1027 4346 nimis
1048 4279 1229 4364 importune

131 4414 152 4448 ι
169 4400 238 4447 mes
252 4417 272 4447 ι.

132 4478 157 4534 1.
174 4475 238 4547 sep.
251 4465 277 4548 t,
290 4478 316 4533 1.
387 4477 413 4532 a.
431 4473 597 4546 censen
