3117 4859
427 262 576 311 marm
596 261 762 311 mamm
784 260 837 309 lot.
1149 244 1214 314 277

45 428 116 475 nam
131 404 258 493 yronia,
282 410 315 472 ιι
330 406 478 492 quicquid
492 406 607 472 intorte
622 404 672 472 vel
695 404 822 491 oblique
843 404 968 489 dicitur,
990 404 1130 472 laudatio
1152 410 1305 473 ronuta

43 528 97 590 cst
146 522 312 607 Origiuem
342 542 432 589 suam
461 522 480 588 ι
505 522 592 588 fonte
621 521 737 588 amoris
763 520 902 588 laudatio
923 520 1034 604 habet3
1061 522 1136 588 inde
1158 528 1216 606 est,

43 640 125 725 quod
155 639 255 706 eliam
282 638 373 705 viciis
402 638 575 705 amicorum
601 636 787 724 plerumque
815 636 1015 704 delectamur.
1061 636 1217 724 Discipuli
1289 654 1292 665 ·

41 754 270 839 magistromm
291 756 467 821 sentencias
488 760 632 839 tuentur,
658 775 722 820 non
744 756 819 841 quia
841 774 935 821 verae
957 759 1041 839 suut,
1063 758 1113 820 set
1134 752 1217 840 quod

42 876 188 939 auctores
223 875 345 953 amaut;
380 868 467 937 scola
500 870 649 937 adversus
681 870 799 937 scolam
827 870 1032 955 debachatur,
1066 869 1139 947 odio
1166 868 1217 937 vel

43 1006 149 1055 amore
179 987 420 1071 magistrorum
455 991 487 1052 et
514 985 651 1053 clamore
665 986 864 1070 defendunt,
895 987 978 1073 quod
1006 986 1127 1052 ratione
1153 1005 1218 1052 nou

41 1108 188 1191 possunt.
233 1101 349 1170 Beatus
371 1103 569 1188 Augustinus
596 1102 688 1169 dicit:
721 1102 787 1185 Qui
809 1126 868 1169 sos
890 1104 1043 1191 dilapsos,
1073 1116 1216 1190 peoora,

44 1244 122 1308 puae
145 1222 233 1287 bona
248 1222 286 1285 da
300 1222 390 1286 cobet
407 1222 552 1299 ιιιιιιιιις
576 1224 633 1308 qui
647 1242 706 1285 oos
720 1242 785 1285 coo
800 1221 946 1308 dilapsura,
972 1232 1113 1306 querant,
1138 1240 1219 1305 praue

43 1338 128 1403 nula
150 1339 193 1403 de
214 1338 304 1403 nodet
328 1338 507 1424 loquantur.
539 1335 588 1402 lta
601 1354 711 1402 verum
733 1338 791 1419 est,
815 1336 898 1421 quod
917 1335 1062 1423 probatio
1077 1333 1218 1401 dilectio·

43 1453 90 1519 nis
113 1452 271 1519 exhibitio
294 1457 343 1521 cst
359 1454 478 1539 operis3
503 1456 551 1519 est
566 1452 650 1518 enim
664 1451 804 1518 laudatio
819 1451 976 1537 quoddam
991 1472 1080 1538 opus.
1147 1449 1218 1517 Non

44 1570 156 1654 igitur,
182 1569 258 1655 quia
280 1588 300 1634 s
321 1573 353 1635 te
376 1588 446 1634 sum
468 1568 630 1654 laudatus,
652 1568 822 1654 presertim
843 1568 878 1633 in
899 1588 935 1634 re
955 1567 1046 1651 falsa,
1069 1566 1218 1653 quoniam

43 1684 143 1751 laudis
167 1690 245 1751 tuas
266 1684 375 1750 titulos
398 1684 432 1749 in
453 1704 505 1751 me
526 1703 585 1751 nec
607 1684 708 1750 sentio
730 1703 789 1749 uec
810 1702 1015 1767 recognosco,
1044 1682 1218 1749 rescribere

43 1801 139 1869 indoli
157 1806 235 1868 tuae
248 1800 418 1887 temptaui3
443 1805 501 1884 set,
524 1806 561 1867 ut
583 1800 783 1867 dilectionem
804 1800 918 1867 lortius
939 1798 1168 1866 inflammarem
1186 1804 1219 1865 et

44 1918 148 1985 studia
172 1918 207 1983 in
230 1922 263 1984 te
285 1916 497 2002 accenderem,
519 1917 642 1983 furatus
665 1936 734 1983 sum
751 1916 886 2003 publicis
902 1915 1077 1983 actionibus
1090 1920 1217 1983 noctur·

44 2054 98 2101 nas
120 2034 230 2119 horas,
252 2033 287 2099 iu
309 2033 422 2119 quibus
444 2034 503 2100 tibi
524 2033 756 2120 responderem.
834 2031 952 2099 Contra
971 2052 1092 2098 morem
1112 2050 1218 2097 meum

45 2150 139 2235 facio,
170 2156 209 2216 ut
237 2149 390 2234 singulari
416 2170 547 2217 numero
575 2148 701 2235 loquar,
730 2148 785 2234 qui
811 2168 884 2215 cunr
911 2148 1073 2215 monachis
1100 2148 1218 2216 nostis

45 2265 210 2353 pluraliter
236 2266 340 2333 dicere
363 2262 614 2349 consuevimus¹3
643 2270 692 2333 set
714 2265 817 2333 scribo
838 2264 1003 2331 scolastico
1026 2269 1059 2331 et
1079 2264 1217 2351 philoso-

47 2382 136 2469 phiae
150 2384 223 2449 uias
237 2382 437 2467 ingredienti,
453 2384 507 2468 qui
522 2382 654 2468 deipsis
670 2382 845 2449 studiorum
860 2401 989 2448 suorum
1003 2378 1218 2468 penetralibus

46 2497 235 2566 laudationis
257 2518 347 2565 meae
369 2503 553 2567 ornamenta
576 2498 758 2585 depromsit

132 2614 190 2684 Set
213 2615 290 2701 quid
311 2613 422 2700 loquar
437 2615 487 2683 vel
510 2615 586 2701 quid
608 2614 804 2699 ammonebo,
827 2632 899 2680 cum
917 2613 979 2679 dici
993 2612 1090 2679 nichil
1104 2611 1217 2698 possit,

49 2730 120 2817 quin
140 2731 210 2799 ism
232 2730 352 2797 dictum
375 2731 455 2799 sisti
537 2731 641 2815 Negat
663 2728 782 2814 Cicero,
806 2730 834 2795 si
856 2728 1034 2815 duplicetur
1056 2728 1117 2795 sibi
1139 2732 1217 2812 etas,

48 2846 227 2914 habiturum
250 2868 285 2914 se
305 2852 447 2934 tempus,
475 2867 537 2933 quo
558 2845 644 2931 legat
664 2846 782 2930 liricos,
804 2846 915 2912 eodem
936 2846 1005 2911 loco
1027 2843 1216 2911 dialecticos.

49 2960 139 3031 Putas
161 2964 308 3031 fortassis
331 2963 459 3048 dictum,
483 2964 558 3049 quia
570 2964 620 3029 uir
642 2963 747 3047 grauis
770 2966 803 3027 et
824 2962 925 3029 serius
948 2966 980 3028 et
1000 2961 1217 3048 philosophiae

50 3077 222 3167 disciplinis
256 3080 462 3168 explanandis
491 3079 615 3146 deditus
643 3079 722 3145 haec
750 3083 913 3165 tamquam
939 3078 1023 3145 levia
1049 3084 1082 3145 ιι
1108 3079 1218 3165 inepta

50 3196 222 3281 proiecerit
276 3196 331 3264 Set
363 3196 437 3263 libri
466 3196 532 3263 uus
560 3216 623 3263 nou
651 3186 752 3261 solum
780 3196 944 3262 sententiis
976 3200 1026 3261 set
1054 3200 1087 3262 ιι
1111 3195 1217 3263 verbis

50 3311 186 3397 ipsorum
213 3312 322 3379 referti
345 3317 428 3380 sunt.
475 3312 576 3380 Tanta
599 3316 671 3379 ante
692 3312 799 3399 ipsum
821 3311 1073 3398 conscripserant
1093 3316 1215 3398 poetae,

51 3429 165 3513 tragici,
189 3428 312 3513 comici,
335 3428 428 3513 lirici,
451 3428 608 3496 dialectici
631 3448 668 3495 ac
690 3427 860 3516 sophistae,
882 3433 920 3494 ut
939 3433 1061 3495 taceam
1083 3428 1123 3494 de
1144 3428 1215 3515 phi-

50 3541 188 3633 losophia
211 3549 242 3611 et
263 3544 442 3613 liberalium
461 3546 577 3613 artium
592 3544 844 3633 preceptoribus3
867 3544 1001 3610 rusticas
1017 3564 1140 3630 quoque
1153 3564 1215 3630 res,

54 3662 271 3745 agriculturam
292 3662 439 3729 uidelicet
461 3667 493 3729 ct
514 3660 798 3745 architectonicam,
821 3681 878 3727 suo
901 3662 966 3727 iam
987 3665 1130 3748 tempore
1152 3680 1216 3727 non

53 3780 138 3863 pauci
159 3778 195 3845 in
216 3777 306 3846 libris
329 3778 499 3846 ediderant.
533 3777 649 3857 Quanti
672 3798 729 3843 sua
752 3781 854 3845 aetate
875 3782 908 3843 et
929 3782 1003 3864 post
1023 3776 1115 3842 illum
1127 3776 1217 3843 fuere

54 3892 225 3983 philosophi
248 3900 280 3961 ιι
300 3896 427 3983 poetael
463 3892 548 3979 Lege
570 3892 798 3980 Tranquillum,
819 3892 888 3978 lege
910 3892 1090 3960 Cornelium
1111 3891 1216 3979 Nepo-

55 4012 113 4077 tem
139 4017 171 4079 ιι
199 4010 277 4079 alios
306 4011 459 4098 quosdam
485 4010 617 4095 gentiles
645 4010 684 4077 de
705 4010 784 4079 uiris
812 4009 1003 4093 illustribus3
1031 4014 1121 4077 tanta
1146 4028 1216 4075 esse

56 4128 167 4215 scripta
192 4127 365 4213 intelliges,
395 4148 475 4213 quae
496 4128 549 4193 rix
579 4128 599 4193 ι
624 4146 783 4214 quoquam
805 4126 1036 4195 studiosissimo
1058 4124 1121 4210 legi
1141 4145 1215 4211 pos·

58 4242 121 4310 siut.
180 4242 183 4251 “
212 4245 265 4312 Ad
291 4250 416 4312 nostros
442 4244 567 4311 veniam
595 4243 786 4312 christianae
811 4242 973 4333 religionis
1000 4240 1213 4335 philosophos.

120 4413 144 4468 1.
162 4410 203 4471 (tt
221 4426 266 4486 ep.
279 4410 332 4471 150
348 4425 432 4485 supra
449 4426 475 4484 p.
489 4409 549 4466 250.
562 4408 624 4470 251.
