3117 4859
332 302 396 369 198
663 318 813 368 wmnnnr
833 316 1021 367 nursnonnn
1041 317 1094 363 ms
1113 316 1166 364 rso.

242 462 413 549 mequod
436 462 597 529 absentem
619 482 745 549 semper
767 459 929 546 diligimus
952 465 985 527 et
1000 478 1197 544 veneramur,
1219 458 1369 526 timemus
1384 462 1416 523 et
1428 476 1486 522 am-

328 578 503 667 plectimur.
540 577 719 645 Salutsntes
747 578 856 664 itaque
884 579 981 645 etiam
1006 596 1091 644 nunc
1110 576 1302 643 unanimiter
1323 573 1489 642 dulcedinis

328 700 452 762 vestrae
472 695 660 780 ubertatem,
684 695 724 761 ad
746 696 875 761 unicum
896 695 1101 782 protectionis
1115 700 1238 760 vestrae
1252 692 1410 776 refugium
1424 710 1490 757 eon·

199 884 202 893 ,
328 812 475 897 fugimus,
499 810 711 896 significantes
732 812 834 896 vobis,
858 811 942 898 quod
964 812 1079 879 dilecta
1099 810 1190 877 nobis
1207 808 1339 893 0dilia⁸,
1362 808 1491 875 coniunx

328 929 485 1015 quondam
508 926 653 995 Anselmi
681 914 796 1013 villici,
824 929 859 994 in
882 928 1015 995 articulo
1036 927 1148 994 mortis
1171 926 1357 1009 constituta,
1387 925 1493 991 ceteris

327 1044 421 1111 rebus
444 1044 510 1111 suis
533 1044 702 1129 ordinatis,
733 1044 892 1129 fornagia,
923 1064 984 1131 qne
1006 1064 1046 1110 ex
1068 1048 1173 1111 vestro
1195 1040 1346 1110 beneficio
1368 1043 1405 1108 in
1425 1040 1495 1107 vilis

327 1167 436 1229 noema
465 1160 634 1229 Stabulaus
662 1160 806 1245 tenebat,
841 1160 877 1226 in
902 1161 1049 1228 manibus
1078 1160 1247 1227 aecclesiae
1273 1180 1332 1246 pro
1359 1158 1496 1226 remedio

328 1280 452 1346 animae
474 1298 550 1345 suae
572 1282 605 1345 et
627 1277 728 1345 salute
749 1277 803 1364 pie
825 1276 996 1343 memoriae
1009 1276 1154 1345 Anselmi
1175 1277 1273 1344 villici
1287 1276 1433 1359 contulit,
1454 1276 1496 1341 ita

327 1396 490 1463 videlicet:
514 1401 560 1479 ut,
584 1396 611 1461 si
633 1394 747 1461 vestris
771 1393 956 1480 patrociniis
977 1393 1051 1460 fulti
1073 1393 1241 1462 donatione
1262 1414 1320 1461 sua
1340 1392 1408 1459 frui
1428 1410 1496 1478 poe

328 1532 443 1596 semus,
466 1517 538 1578 rats
559 1510 686 1597 quidem
708 1510 894 1593 haberetur;
918 1511 968 1576 sin
990 1515 1106 1595 antem,
1128 1530 1188 1598 pro
1210 1512 1317 1578 decem
1338 1509 1433 1576 libris
1447 1508 1497 1573 de·-

326 1630 488 1697 nariorum
516 1629 550 1695 in
578 1630 711 1715 pignore
738 1628 944 1695 constitutum
969 1624 1175 1694 beneficium*
1197 1648 1289 1694 sunm
1310 1632 1496 1694 teneremus

326 1746 392 1813 Nos
414 1747 530 1832 itaque,
554 1744 628 1811 dum
653 1744 755 1811 adhuc
778 1744 888 1812 eadem
906 1744 986 1811 vivit
1006 1750 1162 1829 matrona,
1184 1743 1308 1811 consilii
1329 1743 1430 1811 vestri
1452 1760 1497 1808 so·

326 1862 417 1929 litam
446 1862 646 1929 clementiam
675 1882 770 1948 super
799 1860 858 1927 hoo
879 1860 932 1947 pie
954 1861 1137 1928 invocamus
1164 1862 1358 1947 genibusque
1387 1858 1498 1927 vestris

328 1978 489 2046 humiliter
510 1977 670 2065 provoluti
692 1978 804 2044 intime
826 1978 980 2063 petimus,
1009 1982 1047 2050 ut
1067 1978 1181 2044 vestris
1204 1977 1368 2043 adiutoriis
1393 1981 1427 2044 et
1448 1976 1497 2042 de·

327 2096 521 2163 tensionibus
543 2115 607 2161 non
629 2094 793 2161 mandetur
814 2093 967 2160 aecclesia
989 2115 1008 2161 a
1030 2094 1194 2178 desiderio,
1217 2094 1301 2180 quod
1314 2099 1408 2161 tanto
1422 2099 1496 2161 tem

328 2233 405 2300 pore
433 2212 675 2279 desideraverat.
720 2210 805 2277 Nam
833 2230 923 2277 soror
951 2209 1091 2277 eiusdem
1119 2210 1242 2278 Odiliae
1269 2210 1446 2295 Margarita
1469 2214 1498 2276 et

329 2330 377 2395 vir
407 2328 474 2396 eius
497 2327 668 2394 Anselmns
695 2332 790 2413 utque
811 2325 935 2393 villicus
957 2326 1252 2395 Malmnndariensis
1273 2327 1384 2395 multis
1406 2326 1496 2394 minis

330 2445 370 2512 ad
392 2446 465 2531 hoc,
495 2449 531 2512 ut
553 2444 769 2528 donationem,
799 2443 869 2509 vice
891 2448 998 2510 vestra
1019 2448 1213 2531 susceptam,
1234 2445 1421 2529 reiciamus,
1443 2462 1496 2510 uos

329 2562 488 2629 deterrere
516 2566 684 2643 conantum
714 2559 809 2627 modo
836 2558 902 2627 tilio
925 2558 1057 2628 Walteri
1084 2561 1124 2628 de
1150 2560 1268 2629 Rulant
1293 2539 1381 2629 idem
1407 2563 1496 2629 bene·

328 2676 434 2744 ficium
457 2698 491 2744 se
514 2678 642 2744 daturos
665 2677 896 2764 promittentes,
919 2678 1012 2744 modo
1034 2698 1054 2744 a
1075 2678 1190 2745 domno
1204 2676 1375 2745 Lamberto
1397 2678 1495 2747 villico

329 2800 434 2861 vestro
463 2794 502 2861 de
528 2793 649 2867 Baldou
677 2793 786 2860 decem
812 2792 909 2861 libras
939 2794 1139 2861 denariorum
1165 2814 1224 2882 pro
1252 2795 1324 2882 ipso
1350 2793 1495 2862 beneficio

330 2930 364 2977 se
395 2914 579 2998 accepturos
600 2910 795 2977 minitantes.
886 2894 988 2999 Supel
1009 2910 1059 2977 bis
1080 2912 1188 2997 itaque
1210 2912 1355 2979 omnibns
1378 2908 1496 2979 consilii

329 3027 427 3094 vestri
455 3028 701 3115 oportunitatem
730 3048 789 3114 per
817 3027 1006 3111 dignationis
1028 3032 1154 3096 vestrae
1174 3030 1330 3116 rescripta
1349 3028 1495 3116 implora

329 3162 410 3227 mus,
434 3163 496 3228 quo
520 3144 548 3211 si
569 3144 714 3229 fruimur,
738 3144 841 3211 minas
865 3144 1095 3211 occursantium
1111 3146 1202 3212 nobis
1217 3146 1308 3233 parvi
1322 3146 1493 3233 pendimus

331 3258 478 3327 Ceterum
503 3262 532 3327 si
553 3261 614 3327 huc
635 3281 734 3346 usque
756 3261 791 3328 iu
814 3260 970 3346 aliquibus
993 3261 1166 3329 defectibus
1187 3264 1351 3330 constituti
1372 3263 1494 3343 mimus

331 3376 478 3463 deinceps
499 3398 557 3465 per
571 3376 632 3444 Dei
653 3378 902 3445 misericordium
919 3378 1052 3445 meliora
1065 3398 1239 3466 speramus.
1273 3378 1495 3447 Paternitstem

330 3498 469 3561 vestram
491 3514 617 3582 semper
638 3494 730 3562 nobis
751 3493 863 3561 utilem
884 3493 972 3561 Deus
995 3500 1028 3561 et
1047 3495 1237 3563 incolumem
1259 3497 1426 3564 custodiat

335 3722 421 3794 125.
444 3727 602 3794 Ws'buldus
626 3727 858 3796 scotomaticos
883 3730 1061 3817 respondet,
1090 3740 1125 3794 ut
1147 3729 1303 3819 somnpso
1330 3732 1370 3797 ab
1395 3730 1494 3797 odito

442 3844 546 3909 oblata
566 3846 726 3932 recipiant.
1338 3844 1394 3927 (ll.
1415 3842 1492 3926 104.)

243 3984 313 4040 1148
419 3975 531 4044 Frater
547 3974 737 4060 W(ibaldus)
759 3976 821 4044 Dei
848 3978 952 4062 gratia
977 3976 1011 4044 id
1039 3978 1123 4064 quod
1150 3984 1199 4047 est
1219 3980 1254 4046 in
1277 3979 1493 4047 aecclesiam

223 4125 227 4139 =
330 4092 449 4160 thelica
468 4092 630 4177 R(oberto)
653 4094 825 4162 venerabili
847 4095 964 4162 decano
987 4100 1020 4162 et
1040 4096 1153 4163 ceteris
1176 4097 1210 4163 iu
1230 4096 1357 4163 Christo
1379 4094 1492 4164 dilectis

332 4206 405 4275 liliis
433 4213 465 4275 et
492 4209 658 4294 fratribus,
688 4212 741 4296 qui
768 4212 898 4278 suntin
920 4213 1161 4298 congregatione
1182 4213 1380 4300 Stabulensi,
1409 4214 1492 4282 bene

334 4324 501 4392 dictionem
523 4331 555 4392 et
575 4328 675 4393 uitam
698 4328 852 4413 usquein
875 4327 1024 4395 seculum.

405 4461 426 4495 ι
445 4446 521 4497 onor·
535 4450 626 4499 uuor
687 4451 710 4499 s.
731 4451 866 4500 omnem
881 4438 976 4501 auom

98 4492 175 4520 Α
