3117 4859
301 228 365 295 152
651 243 801 293 uranum
821 242 1008 293 samsom
1028 242 1065 291 rr.
1081 242 1120 291 rs.

199 392 269 449 1148
301 386 497 456 stabulensis
531 390 637 455 autem
664 386 815 455 ecclesiae
840 388 976 455 flatrum
1003 385 1044 453 ad
1072 406 1131 453 nos
1147 386 1287 472 querela
1313 387 1468 475 pmvenit,

186 479 206 513 θ’
218 466 284 513 Μ’
301 505 384 591 quod
405 504 594 572 Eustaobius
616 502 842 592 parrochianus
864 508 937 570 tuus
967 522 1076 570 eorum
1097 503 1181 569 bona
1200 504 1236 569 in
1256 503 1367 591 predio
1390 504 1471 571 Tur-

298 622 389 689 uines
418 620 571 689 violenter
603 620 769 688 abstulerit
796 625 829 687 et
858 620 898 687 ab
927 640 1036 687 eorum
1061 618 1263 687 infestatione
1289 619 1471 689 nullatmus

298 738 500 825 conquiescit.
539 736 719 805 Macharius
749 757 872 823 quoque
902 737 941 803 de
964 736 1111 821 Suingeis
1138 736 1320 823 etquidem
1343 737 1400 803 alii
1418 737 1472 805 in-

298 854 450 923 oendiarii
473 859 506 921 et
526 859 680 941 raptores,
703 854 899 921 coadjutores
915 852 1026 939 ipsius,
1051 853 1183 921 eandem
1197 852 1383 921 aecclesiam
1396 874 1473 941 pre·

298 971 347 1039 dis
370 977 403 1038 et
426 970 495 1037 aliis
518 970 620 1037 modis
643 990 758 1037 vexare
779 989 844 1037 nou
866 970 1100 1057 pertimescunt
1135 970 1217 1050 Quia
1230 990 1305 1039 vero
1319 971 1473 1058 precipiti

298 1087 448 1155 audaciae
471 1090 635 1174 raptorum
657 1086 814 1175 spirituali
836 1085 940 1171 gladio
960 1093 1009 1156 cst
1024 1088 1138 1155 fortius
1152 1088 1373 1172 resistendum,
1395 1108 1473 1175 pre·

299 1204 436 1271 sentium
451 1203 510 1271 tibi
526 1204 711 1271 auctoritate
726 1204 923 1289 mandamus,
940 1204 1087 1290 quatinus
1104 1210 1171 1271 tam
1184 1204 1343 1292 prefatum
1352 1204 1473 1272 Eusta-

299 1320 404 1387 chium
426 1340 521 1407 quam
544 1320 623 1387 alios
643 1325 787 1407 raptores
808 1320 914 1387 ablata
933 1320 1065 1388 reddere
1086 1322 1171 1388 etde
1185 1327 1289 1388 cetero
1304 1321 1345 1388 ab
1359 1341 1473 1389 eorum

298 1438 498 1505 infestatione
521 1437 672 1505 desistere
694 1437 837 1505 distrime
858 1437 1033 1505 coherceas.
1077 1437 1217 1517 Quodsi
1238 1442 1473 1525 mutemptores

299 1556 476 1639 extiterint,
507 1554 592 1621 infra
619 1554 828 1640 quadraginta
855 1554 922 1621 dies
955 1559 1124 1642 postquam
1157 1554 1319 1641 presentia
1350 1555 1475 1641 scripta

299 1670 489 1759 susceperis,
522 1670 725 1738 turbatoris
758 1670 909 1738 dilatione
939 1676 1078 1758 remota,
1112 1672 1296 1740 mnonicam
1321 1671 1363 1740 de
1389 1672 1472 1759 ipsis

297 1788 456 1855 iusticiam
476 1786 584 1854 facias.

302 2026 362 2099 78.
389 2030 550 2096 Corradus
563 2026 619 2097 ffl
634 2052 691 2095 reo
712 2028 855 2097 Wibaldo
877 2029 917 2095 de
937 2030 1028 2095 rebar
1048 2031 1113 2095 sais
1135 2029 1273 2095 daorsis
1288 2047 1306 2094 e
1320 2028 1474 2095 Comun-

388 2145 519 2231 a'oopols'
538 2146 701 2234 aptificat.
1328 2142 1386 2224 (bb
1403 2145 1473 2227 80.)

190 2287 259 2344 1148
390 2276 574 2345 cuonradus
600 2277 661 2345 Dei
688 2278 793 2362 gratia
813 2276 1025 2344 Romanorum
1052 2297 1110 2344 rex
1137 2275 1309 2344 venerabili
1323 2276 1473 2346 Wibaldo

162 2360 285 2409 mm*
301 2393 537 2462 corbeiensium
572 2400 604 2462 et
638 2392 873 2462 stabulensium
902 2393 1008 2461 abbati
1036 2394 1172 2479 gratiam
1200 2414 1290 2461 suam
1318 2399 1351 2461 et
1377 2414 1473 2462 omne

300 2512 427 2579 bonum.

390 2625 471 2706 Quia
503 2624 688 2695 fidelitatem
720 2630 810 2693 tuam
842 2644 1048 2713 sepenumero
1081 2625 1166 2693 circa
1190 2644 1250 2693 nos
1278 2632 1312 2693 et
1336 2646 1471 2712 reguum

301 2749 445 2812 nostum
470 2742 636 2830 probatam
656 2743 766 2810 multis
789 2742 1014 2829 experimentis
1036 2743 1255 2829 cognovimus,
1283 2744 1312 2809 si
1334 2740 1375 2810 de
1397 2763 1472 2830 pro-

301 2861 452 2950 speritate
480 2864 580 2928 status
610 2861 711 2927 nostri
734 2859 898 2943 audieris,
915 2858 1051 2926 multum
1072 2863 1106 2925 te
1126 2858 1262 2943 gaudere
1283 2878 1347 2925 non
1370 2860 1472 2927 umbi-

213 2980 281 3037 1147
301 2978 413 3063 purus.
449 2974 636 3043 Mandanae
658 2977 765 3063 itaque
787 2974 933 3043 fidelitati
954 2980 1038 3059 tuae,
1062 2974 1146 3061 quod
1167 2994 1240 3042 oum
1258 2974 1400 3063 Nyooam
1421 2978 1473 3044 in-

301 3098 391 3179 tegro
420 3096 452 3159 et
478 3093 605 3180 copioso
635 3092 775 3160 exercitu
796 3092 1065 3180 pervenissemus,
1092 3096 1216 3158 mature
1237 3092 1471 3179 expeditionem

160 3196 164 3203 ’
302 3228 520 3277 consummare
542 3207 698 3293 volentes,
720 3228 778 3297 per
800 3208 1037 3295 compendium,
1059 3208 1144 3275 notis
1165 3208 1236 3275 viae
1257 3208 1391 3277 ducibus
1412 3210 1472 3277 boo

194 3338 285 3387 onere
304 3325 556 3411 ostendentibus,
584 3345 694 3392 versus
720 3324 861 3392 Iconium
886 3324 1043 3412 proficisci
1071 3325 1212 3412 cepimus
1221 3320 1238 3409 ¹,
1267 3324 1344 3392 illuc
1371 3346 1471 3413 usque

56 3424 58 3429 ¹
303 3442 482 3509 necessaria
499 3446 671 3529 portantes,
695 3445 849 3527 quantum
863 3441 1027 3508 valuimus.
1061 3440 1105 3508 Et
1125 3461 1205 3526 eece,
1224 3441 1332 3509 decem
1347 3443 1471 3511 dierum

302 3558 433 3625 itinere·
459 3559 524 3625 iam
557 3562 702 3645 peracto,
735 3557 868 3623 totidem
898 3556 1000 3623 adhuc
1025 3557 1117 3625 nobis
1145 3558 1286 3643 residuo,
1320 3558 1473 3627 victualia

304 3674 447 3741 omnibus
475 3675 556 3760 lere,
586 3674 772 3761 equitaturis
797 3674 953 3759 maxime,
982 3673 1174 3759 defecerant,
1205 3692 1277 3741 cum
1299 3674 1396 3743 Turei
1417 3697 1472 3764 pe-

194 3802 244 3851 ocs
255 3803 286 3851 se
303 3790 407 3858 desua
428 3790 551 3877 uulgus,
575 3791 658 3878 quod
679 3790 852 3858 exercitum
867 3790 955 3875 sequi
968 3789 1129 3875 nequibat,
1152 3790 1301 3859 invadere
1315 3797 1352 3889 et
1362 3793 1473 3861 cedere

301 3926 365 3974 non
393 3907 566 3975 cessabant
601 3908 666 3975 Nos
695 3908 796 3974 vicem
822 3904 941 3994 populi
954 3904 1125 3974 deficientis
1149 3912 1181 3975 et
1201 3913 1269 3975 tam
1291 3930 1349 3975 sus
1370 3917 1473 3978 morte

302 4044 397 4110 quam
431 4024 554 4109 simois
588 4024 727 4091 hostium
758 4022 920 4110 pereuntis
953 4022 1109 4108 dolentes,
1146 4029 1259 4110 rogatu
1291 4026 1473 4115 principum

302 4141 443 4208 omnium
471 4146 503 4208 et
528 4139 682 4208 baronum
710 4139 751 4207 ad
777 4159 866 4206 mare
894 4138 934 4207 de
955 4144 1041 4207 terra
1062 4138 1119 4221 illa
1140 4141 1266 4210 deserta
1286 4146 1471 4230 exercitum,

373 4288 394 4321 a
414 4274 506 4322 lunaris
522 4291 541 4320 c.

374 4360 399 4418 1.
420 4361 487 4418 1147
505 4360 564 4418 Oct.
579 4361 622 4416 lb.
640 4359 675 4417 V.
692 4359 794 4417 libram
811 4375 902 4417 meum
920 4360 957 4417 de
974 4360 1100 4419 comodo
1117 4360 1160 4419 111
1177 4376 1251 4434 rege,
1268 4378 1298 4434 p.
1310 4364 1371 4423 181.
