3117 4859
325 280 393 348 230
661 294 811 343 wrasumr
832 294 1019 343 1111111111
1040 294 1094 341 144
1110 292 1165 341 144

234 444 307 569 I1149
325 440 414 509 tham
437 440 620 527 assumpsit,
644 439 818 506 1111111111
839 437 996 525 patefecit
1034 436 1112 503 lude
1135 443 1192 522 est,
1215 437 1299 524 quod
1319 437 1485 523 tranquilli-

245 522 385 625 ²1¹1tati
407 557 574 642 vestrae,
564 576 599 623 11
623 561 774 642 quantum
792 574 969 642 possumus,
992 554 1162 621 comitante
1177 555 1304 621 iusticia
1317 555 1487 642 prospicere

326 673 500 761 cupientes,
530 672 760 741 venerabilibus
782 672 935 738 fratribus
956 671 1084 754 uostris,
1111 671 1355 759 archiepiscopis
1378 673 1489 759 episeo-

326 792 377 879 pis
400 795 432 857 ot
455 790 526 857 aliis
550 790 773 857 aecclesiarum
795 788 927 875 prelatis
948 808 1006 875 per
1027 808 1158 871 regnum
1174 786 1403 854 Thentonicum
1422 808 1490 854 oon·

327 907 447 974 stitutio
470 926 528 994 per
551 904 724 993 apostolica
751 903 871 992 scripta
896 901 1130 989 mandavimus,
1160 905 1310 990 quamdiu
1330 903 1490 971 Heinrious

328 1024 486 1111 quondam
501 1022 699 1089 Corbeiensis
720 1020 828 1105 abbas,
851 1040 945 1107 quem
964 1020 1096 1089 dilectus
1113 1018 1197 1087 lilius
1212 1025 1321 1087 noster
1335 1020 1491 1103 Tlhomas)

326 1140 428 1208 bonae
449 1140 620 1207 memoriae
643 1136 798 1224 presbiter
821 1138 990 1205 cardinalis
1013 1138 1167 1225 deposuit,
1189 1138 1225 1203 in
1241 1158 1317 1204 suae
1331 1138 1492 1225 prauitatis

327 1256 489 1345 proposito
510 1253 739 1342 perduraverit,
761 1254 797 1320 iu
819 1255 885 1321 suis
908 1253 1067 1322 aecclesiis
1088 1274 1287 1340 nequaquam
1309 1265 1402 1321 eum·
1419 1255 1493 1321 reci·

328 1374 419 1460 piant
441 1376 473 1438 11
494 1370 557 1457 ipsi
579 1369 729 1436 aduersus
744 1390 800 1437 uos
816 1376 849 1437 et
867 1372 1094 1439 monasterium
1109 1376 1248 1437 vestrum
1270 1370 1397 1437 nullum
1418 1369 1494 1437 solu·

328 1491 421 1573 cium,
444 1484 566 1553 nullum
582 1490 865 1554 sustentamentum
879 1488 1073 1575 impendant.
1109 1486 1178 1555 Tua
1195 1488 1313 1573 itaque,
1337 1486 1494 1554 dilectein

327 1604 464 1672 Domino
480 1600 526 1669 1111
537 1601 681 1670 Wibolde
698 1602 804 1688 abbas,
823 1604 966 1690 interest,
987 1610 1025 1671 ut
1045 1602 1288 1671 sollicitudinem
1303 1610 1396 1670 tuam
1412 1623 1496 1669 exer·

328 1724 399 1788 eoas
423 1726 455 1789 11
474 1720 522 1785 ita
537 1719 719 1785 commissos
738 1720 799 1787 tibi
813 1720 955 1788 oratione
978 1726 1011 1787 11
1031 1740 1108 1787 cura
1128 1720 1308 1808 providenti
1329 1721 1495 1804 custodias,

328 1841 364 1904 ut
385 1836 434 1901 loo
457 1854 591 1921 querens
615 1856 708 1921 quem
732 1836 861 1905 deuoret
881 1836 1004 1904 nullam
1030 1858 1084 1903 eos
1107 1836 1280 1903 dilaniandi
1305 1839 1497 1904 occasionem

327 1952 483 2036 iuveniat,
513 1952 676 2038 quatinus,
701 1951 776 2019 dum
798 1953 951 2038 religione
974 1958 1007 2019 11
1028 1952 1192 2020 honestate
1214 1954 1343 2021 decoros
1368 1974 1498 2041 quosum

279 2078 281 2085 '
328 2068 495 2155 suscepisti
519 2087 626 2135 curam
648 2068 840 2154 reddideris,
864 2077 896 2137 et
918 2071 1041 2157 premia
1062 2068 1163 2136 labori
1184 2076 1239 2137 tuo
1261 2070 1324 2137 Dei
1345 2076 1381 2138 et
1402 2071 1498 2137 homi·

327 2204 404 2251 num
425 2184 582 2251 mediator
605 2190 732 2250 assueta
753 2186 871 2273 pietate
893 2186 1044 2255 concedat
1065 2187 1147 2253 etin
1163 2192 1291 2255 aeterna
1302 2189 1416 2274 requie
1431 2207 1497 2255 oum

328 2302 394 2368 suis
410 2302 527 2367 sanctis
538 2300 590 2368 teb
601 2300 698 2367 saciat
711 2302 875 2385 gratulari.
892 2302 989 2370 Vobis
1004 2308 1110 2370 autem
1121 2305 1287 2390 uniuersis,
1304 2306 1360 2391 qui
1375 2306 1416 2372 de
1427 2303 1498 2371 (lor-

329 2418 448 2485 beiensi
471 2416 601 2503 collegio
625 2418 717 2503 estis,
740 2438 798 2506 per
819 2420 981 2507 presentia
1002 2420 1121 2508 scripta
1142 2422 1337 2506 mandamus,
1361 2428 1400 2488 ut
1421 2423 1498 2489 eius-

328 2535 400 2601 dem
426 2533 486 2601 filii
507 2535 608 2601 nostri
625 2532 764 2603 Wiboldi
786 2535 909 2603 abbatis
931 2538 1030 2603 uestri
1051 2540 1173 2604 monita
1194 2540 1376 2626 suscipiatis
1399 2540 1497 2605 humi-

328 2650 401 2718 liter
424 2657 456 2719 11
479 2652 628 2736 servetis,
656 2652 748 2717 utin
772 2652 838 2719 1111
861 2672 997 2740 persona
1018 2652 1180 2720 Christum
1200 2655 1389 2741 videamini,
1413 2656 1497 2723 cuius

328 2769 472 2835 minister
495 2774 553 2853 est,
575 2768 738 2835 honorare.
774 2768 860 2835 Data
875 2768 997 2836 Viterbi
1018 2768 1169 2837 Kalendis
1190 2771 1337 2839 Ianuarii

334 2980 418 3051 149.
442 2983 600 3050 Wiboldoo
622 2984 762 3050 Amoldo
778 2983 802 3050 I
817 2983 1047 3073 archiepiscopo
1068 2984 1242 3053 011111111ιεί
1263 2989 1302 3053 de
1322 3000 1425 3054 morte
1444 2989 1498 3054 situ·

439 3102 587 3166 intentata
608 3101 1393 3184 1111111111.
1413 3104 1496 3185 126.)

244 3239 312 3296 1149
418 3230 599 3300 Reuerendo
622 3233 707 3320 patri
729 3252 787 3299 suo
810 3238 842 3299 et
863 3233 990 3300 domino
1004 3233 1146 3303 Amoldo
1162 3240 1289 3303 sanctae
1302 3235 1496 3306 Coloniensis

253 3313 300 3360 ¹⁸³
332 3346 480 3415 ecclesiae
502 3348 674 3416 venerabili
698 3349 934 3436 archiepiscopo
953 3352 1053 3417 frater
1068 3349 1232 3420 Wiboldus
1247 3352 1308 3420 Dei
1330 3356 1437 3438 gratia
1456 3354 1495 3437 id,

332 3465 415 3552 quod
437 3467 515 3532 est
506 3487 540 3533 11
563 3466 714 3534 aecclesia
736 3466 901 3551 catholica,
918 3468 1047 3553 exiguas
1061 3470 1219 3537 orationes
1235 3474 1268 3535 et
1281 3470 1432 3539 devotum
1445 3471 1496 3538 ot

330 3583 481 3669 sequium.

419 3698 499 3777 Quia
528 3704 601 3787 post
628 3699 731 3766 Deum
760 3702 893 3786 etpost
922 3697 1072 3766 domnum
1099 3721 1206 3785 regem
1235 3709 1330 3791 caput
1357 3706 1495 3773 omnium

330 3815 509 3903 principum
531 3816 566 3882 in
588 3814 647 3882 hac
668 3820 754 3881 terra
777 3815 864 3899 estis,
887 3819 920 3881 et
942 3815 982 3881 ad
1004 3835 1060 3883 vos
1074 3817 1275 3903 potissimum
1288 3822 1422 3908 respicit
1435 3827 1493 3888 sta·

331 3936 382 3999 tus
410 3932 498 4019 pacis
525 3937 644 4017 terrae,
674 3930 762 3999 uobis
786 3932 1006 4017 conquerimur
1027 3936 1179 4019 tauquam
1198 3936 1285 4023 patui
1306 3942 1339 4004 et
1360 3938 1493 4021 donno,

330 4049 413 4135 quod
435 4049 563 4135 quidam
584 4048 808 4116 ministeriales
831 4047 1029 4117 Gorbeiensis
1051 4052 1250 4137 monasterii,
1272 4054 1327 4139 qui
1351 4054 1471 4122 eraut
1460 4074 1492 4119 11

218 4175 312 4300 Diels}⁹
329 4166 473 4233 conuictu
493 4170 603 4233 nostro
621 4164 755 4249 assiduo,
779 4165 915 4250 quadam
928 4162 1038 4233 nocte¹
1050 4186 1123 4233 oum
1137 4186 1333 4257 caneremus,
1354 4172 1492 4239 11111111

401 4317 835 4365 annominemus

400 4414 425 4467 1.
448 4412 694 4469 u.aaDec.1148.
717 4412 783 4469 Vid.
800 4428 845 4483 ep.
858 4413 911 4469 150
927 4410 1009 4469 inira
