3117 4859
319 259 388 330 530
656 281 807 332 wmnnnr
826 281 1014 332 nrrsronm
1033 281 1086 330 sor.
1103 281 1157 331 sss.

230 427 301 485 1152
407 419 600 492 Oonlidimus
622 425 661 494 dc
683 431 808 494 vesbne
834 426 1038 510 benignitatis
1066 426 1259 512 eruditione,
1289 426 1376 513 quod
1403 425 1493 494 ini-

317 537 406 608 lisris
428 541 555 625 cariture,
578 561 659 628 queo
680 542 834 610 hactenus
855 543 940 610 inter
960 562 1020 609 nos
1033 542 1252 610 vicissitudine
1269 544 1494 630 obsequiorum

317 662 529 743 succreverat,
557 663 689 745 propter
711 659 907 726 celsitudinis
929 664 1054 726 νοοιτοο
1081 664 1248 747 provectus
1270 661 1413 727 inminui
1434 679 1495 726 non

316 772 443 842 debeat:
472 775 637 860 quonium,
667 776 695 842 si
723 775 936 863 experientius
960 775 1103 860 regulum
1124 780 1284 861 tenemus,
1314 797 1417 863 quum
1438 776 1497 844 sub

315 889 500 976 prelationis
523 891 647 958 sarcina
667 892 702 958 in
723 891 831 958 lubore
852 891 1015 959 bominum
1038 892 1214 959 conversati
1239 896 1273 959 et
1295 912 1371 960 cum
1393 893 1496 959 bomi-

314 1005 407 1074 nibus
422 1004 589 1091 flogelluti¹
602 1008 667 1074 iam
682 1013 777 1075 untes
791 1007 969 1093 didicimus,
984 1013 1074 1076 emto
1089 1012 1182 1075 erunt
1195 1007 1359 1075 sollertius
1368 1015 1497 1076 rem

314 1123 376 1190 viri
403 1121 477 1192 fidei
506 1142 543 1191 uc
570 1125 761 1210 constantie,
791 1125 846 1211 qui
874 1144 929 1193 vos
950 1144 1016 1192 non
1037 1130 1146 1192 vestro
1165 1123 1315 1209 diligunt,
1343 1126 1495 1206 mlieres,

314 1244 431 1325 quanto
453 1244 588 1328 possunt
608 1241 643 1308 in
665 1246 734 1308 tots
755 1242 880 1325 generis
902 1240 1033 1308 humuni
1054 1240 1256 1308 multitudine
1276 1241 1424 1307 inveniri
1446 1259 1496 1307 rs·

313 1355 424 1424 riores.
458 1355 495 1422 ln
523 1377 657 1443 quorum
685 1359 845 1445 paucitate
865 1377 939 1443 nos,
969 1359 1024 1443 qui
1045 1377 1105 1425 nec
1125 1357 1237 1426 fellere
1258 1357 1416 1424 debemus
1439 1376 1495 1424 nec

313 1469 382 1541 fulli
396 1471 552 1558 volumus,
575 1473 698 1558 integro
713 1474 945 1542 benivolentiae
959 1474 1065 1541 studio
1082 1474 1293 1558 annumerati,
1315 1473 1495 1561 plurimum

312 1587 348 1655 in
369 1587 506 1656 Domino
528 1589 725 1674 gratulemur
751 1591 791 1658 de
813 1596 881 1657 tum
901 1590 1040 1675 gloriose
1060 1610 1215 1677 personne
1235 1595 1343 1657 vestre
1364 1611 1495 1678 promo·

313 1705 415 1788 tione;
438 1705 491 1771 cui
513 1705 533 1772 d
553 1707 694 1794 propitia
716 1706 882 1774 divinitate
904 1726 1087 1774 consessum
1110 1710 1168 1791 est,
1191 1711 1228 1773 nt
1250 1707 1494 1792 antiquissimus

313 1840 351 1889 cc
371 1820 588 1890 nobilissimae
616 1823 755 1907 civitati,
783 1843 865 1910 quse
890 1824 988 1891 totius
1011 1823 1133 1891 Galliae
1155 1822 1301 1908 Belgicus
1327 1830 1434 1910 capnt
1458 1843 1495 1890 sc

235 1921 237 1926 ’
312 1936 496 2024 metropolis
520 1959 589 2007 esee
611 1940 796 2024 dinoscitur,
819 1939 948 2026 possitis
969 1946 1038 2007 tum
1058 1939 1210 2027 prodesse
1231 1959 1328 2024 quum
1351 1959 1493 2026 preesse.

311 2053 365 2122 Ad
385 2059 511 2122 rosbes
532 2055 631 2139 igitur
653 2056 817 2141 dignitatis
845 2055 1029 2141 suffragium
1051 2062 1201 2143 prompto
1221 2055 1392 2123 devotione
1416 2053 1494 2122 offc-

311 2169 429 2255 rimus,
452 2171 602 2258 quicquid
623 2171 703 2239 illud
726 2177 790 2257 eet,
814 2172 896 2258 quod
918 2173 953 2238 in
976 2172 1128 2240 eccclesia
1148 2192 1207 2239 suu
1227 2171 1316 2239 Deus
1337 2191 1398 2238 nos
1423 2192 1493 2238 esse

312 2286 363 2356 vel
377 2287 441 2354 dici
455 2286 505 2354 vel
519 2308 613 2375 posse
628 2288 744 2370 voluit3
769 2294 925 2376 optantes,
944 2293 980 2355 ut
995 2289 1113 2375 ubsque
1127 2287 1350 2376 prosperitatis
1364 2294 1492 2354 restrae

312 2402 501 2472 detrimento
523 2404 613 2472 vobis
636 2411 826 2492 oportunum
848 2403 914 2490 lint,
938 2425 999 2491 quo
1014 2405 1190 2473 dilectionis
1204 2410 1332 2472 nostroe
1355 2425 1395 2472 sc
1417 2405 1491 2472 lidci

312 2520 440 2588 evidens
464 2521 716 2608 experimentum
738 2521 882 2609 cupistis.
972 2521 1052 2588 Cum
1074 2542 1149 2590 vero
1178 2522 1366 2610 ipurtibus
1389 2522 1491 2588 Suo-

311 2638 384 2706 niue
406 2659 517 2706 versus
538 2635 779 2722 Lolhsringism
801 2639 946 2724 proxime
973 2639 1144 2705 retransire
1171 2638 1363 2724 poterimus,
1391 2640 1489 2705 etism

312 2755 469 2842 corporali
491 2755 651 2842 presentis
672 2758 813 2820 vestrum
835 2753 1063 2821 beatitudinem
1079 2754 1209 2821 visitare
1224 2758 1258 2821 et
1272 2753 1413 2822 soluturo
1435 2755 1489 2822 de-

313 2870 498 2938 sideremus.
589 2871 720 2938 Interim
749 2870 1004 2938 commendamus
1033 2870 1191 2938 dulcedini
1218 2875 1343 2938 vestrm
1371 2871 1489 2938 nubes

312 2992 437 3054 nostros
461 2986 675 3072 Corbulonem,
699 2986 753 3073 qui
776 2991 850 3053 sunt
873 2987 957 3074 opud
978 2986 1149 3071 Liciecum‚
1173 2992 1205 3053 et
1227 3006 1336 3054 omnes
1355 3007 1410 3055 res
1432 3008 1488 3054 no·

313 3108 411 3188 etrus,
441 3109 509 3170 tam
537 3102 736 3170 Corbeiensis
763 3103 949 3170 monosterii
979 3101 1314 3190 monsbonionis,
1344 3123 1428 3188 queo
1453 3105 1488 3171 in

312 3224 417 3287 vestro
441 3219 625 3306 episcopatu
647 3219 727 3286 situs
750 3224 834 3303 sunt,
858 3220 1006 3305 quatinus
1027 3238 1086 3308 pro
1103 3224 1230 3286 nostroe
1243 3217 1487 3287 dilectionum-

312 3335 397 3403 tuitu
418 3335 452 3402 in
466 3341 591 3402 vestroe
605 3336 810 3421 protectionis
826 3335 1040 3403 defensionem
1057 3355 1111 3402 ess
1125 3355 1287 3404 munnere
1299 3335 1485 3421 dignemini

315 3546 403 3620 398.
423 3551 629 3618 Bestiarum
650 3553 812 3638 episcopus
835 3552 1097 3618 Puderbomcoss's
1125 3575 1146 3617 a
1170 3551 1311 3618 thatdo
1332 3557 1427 3640 petit,
1453 3565 1488 3620 st

422 3658 604 3724 Heius-icum
624 3660 763 3746 priorem
780 3659 991 3726 Corbeimn
1011 3661 1196 3724 morracios-'io
1214 3659 1248 3727 S.
1259 3660 1389 3727 Motae
1405 3662 1485 3728 Sco·

426 3767 617 3852 leuberpeooi
638 3767 777 3832 abbatem
802 3768 956 3832 concedat.
1322 3765 1379 3848 (M.
1397 3768 1484 3850 379.)

225 3909 294 3966 1152
401 3887 513 3956 Amico
537 3908 594 3956 suo
616 3887 729 3956 dilecto
753 3889 787 3955 in
811 3889 935 3956 Christo
966 3889 1091 3956 domino
1114 3887 1284 3973 Wlibuldo)
1312 3893 1484 3960 reverendo

313 4011 439 4074 sanctae
462 4005 659 4073 Corbeiensis
683 4004 813 4072 ecclesie
836 4005 942 4073 abbati
961 4004 1186 4088 Blemhurdus)
1202 4005 1483 4077 Pnthcrburnensis

311 4123 439 4191 humilis
462 4122 606 4189 minister
628 4121 778 4188 orationis
803 4126 835 4188 et
853 4123 1013 4188 servitutis
1035 4143 1110 4188 sune
1129 4121 1255 4190 fidelem
1269 4124 1479 4192 exibitionem

399 4239 527 4307 Fratres
543 4238 581 4306 de
596 4237 788 4306 monasterio
805 4243 932 4305 sunctae
947 4237 1066 4306 Mariae
1072 4235 1094 4325 ¹,
1110 4238 1213 4306 orbati
1224 4260 1281 4306 suo
1297 4237 1427 4309 ubbate⁸
1437 4276 1477 4288 -

312 4446 338 4506 v
383 4363 409 4416 1.
433 4361 478 4504 ξε.
492 4362 579 4506 Ἥ.
650 4362 675 4416 2.
700 4359 947 4432 Suulenbergensis
966 4361 1226 4432 (linrienmdustsr).
1296 4365 1323 4420 8.
1346 4363 1476 4422 Oomsdo.

338 4451 433 4520 .sp.3
451 4451 468 4505 9
486 4449 514 4506 in
