3117 4859
444 286 594 339 wunsunr
614 286 779 337 urmnous
801 288 856 337 nos
1096 299 1100 312 ·
1165 270 1232 341 213

69 430 163 501 nturi
184 429 353 515 desiderat,
378 428 518 517 plurimo
537 428 629 497 nobis
651 429 830 498 sollicitudo
849 432 1005 516 imminet,
1028 430 1099 518 quis
1121 438 1321 501 senonense

67 568 159 635 queue
192 548 350 615 sententie
382 546 441 615 sub
475 546 571 614 uerbo
606 546 870 615 reoonoiliotionis
900 549 1108 615 eontineotur.
1148 548 1232 627 Quo-

66 665 144 731 niam
166 664 259 732 testis
281 670 329 731 eet
342 664 433 732 nobis
448 664 641 731 oonsoientie
662 668 781 747 nostra,
805 664 890 749 quod
910 664 991 731 nihil
1010 666 1046 731 in
1069 685 1142 731 eum
1156 684 1231 752 poor

65 780 209 849 terimus
246 778 281 848 Si
302 800 379 847 uero
399 780 470 867 ipse
491 781 525 847 iu
547 800 606 847 nos
628 780 775 866 deliquit,
803 785 906 850 totum
928 782 958 848 ei
981 802 1020 848 ex
1042 782 1137 849 eorde
1158 800 1232 870 por·

64 898 138 965 teoto
160 898 203 965 ob
222 896 325 965 diuini
346 902 525 984 respectum
549 897 664 963 umoris
686 896 902 981 indulgemus,
925 904 958 965 ot
979 898 1102 975 tumiu
1125 898 1232 965 animo

64 1034 151 1101 quum
173 1014 210 1081 in
232 1032 363 1101 corpore
384 1032 463 1081 uere
482 1012 513 1081 ei
534 1013 617 1081 bone
632 1014 800 1101 provenire
816 1020 1013 1100 exoptemus,
1036 1033 1095 1081 neo
1108 1014 1231 1081 inuide-

62 1150 125 1197 mus
148 1130 195 1215 ei,
221 1130 260 1214 si,
283 1130 372 1197 salva
392 1150 473 1217 psoe
494 1134 605 1197 nostro
627 1136 659 1197 et
680 1131 864 1199 monasterii
885 1131 987 1198 nostri
1008 1129 1142 1213 oeuteln
1164 1130 1230 1196 ioe-

62 1246 187 1315 oundior
218 1246 248 1313 ei
275 1247 364 1332 quies
394 1246 501 1332 ulique
527 1246 730 1329 eouoedutur3
761 1247 918 1333 siquidem
945 1251 976 1314 et
1002 1268 1061 1315 nos
1087 1246 1229 1315 homines

61 1384 163 1431 sumus
194 1368 229 1431 et
256 1382 329 1430 oum
355 1363 533 1431 hominibus
560 1362 711 1447 flagellati
738 1368 771 1429 et
796 1363 927 1431 bumeni
948 1363 1069 1450 aliquid
1090 1362 1230 1429 ahenum

62 1501 78 1547 s
100 1480 193 1547 nobis
223 1498 288 1546 non
310 1479 474 1547 sentimus.
566 1478 622 1547 Set
644 1480 683 1547 de
704 1479 820 1547 litteris
843 1476 1035 1547 morobioni¹
1055 1478 1228 1546 Adelborto

61 1617 150 1683 super
177 1596 282 1683 ipsius
309 1596 435 1681 negotio
463 1595 642 1681 mittendis,
671 1616 736 1663 nou
761 1596 865 1664 isoilis
886 1597 977 1664 nobis
1001 1596 1042 1663 sd
1064 1594 1230 1663 eonsilium

59 1714 108 1781 uis
131 1713 196 1781 fuit
223 1734 283 1800 pro
312 1732 364 1797 eo,
388 1712 472 1798 quod
497 1713 581 1779 idom
603 1712 754 1797 marchio,
777 1713 827 1780 vir
849 1734 926 1781 sene
948 1713 1103 1801 prudens,
1132 1712 1230 1780 totius

59 1829 231 1899 lonesttdis
254 1834 286 1897 et
307 1828 492 1915 disciplinae
515 1829 687 1916 speculum,
709 1849 768 1897 nos
791 1850 990 1917 nequaquem
1010 1850 1106 1916 super
1121 1829 1231 1897 eodem

59 1947 147 2015 uerbo
170 1945 342 2031 eonsuluit,
365 1966 437 2012 oum
451 1950 558 2013 tamen
574 1946 616 2013 sit
629 1945 721 2014 nobis
742 1948 858 2013 intimo
872 1945 951 2014 fide·
967 1951 999 2013 et
1012 1945 1230 2013 familiaritate

9 2122 10 2125 ,
59 2064 251 2131 ooniunotus.
341 2060 440 2130 Porro
469 2062 620 2131 eenolesio
641 2062 785 2130 Romanu
805 2064 865 2131 hoo
886 2084 944 2151 pre
965 2064 1087 2131 eunetis
1108 2068 1228 2130 mortu·

57 2180 133 2249 lubus
161 2178 369 2268 priuilegium
396 2178 430 2245 in
459 2179 553 2246 terris
581 2184 655 2267 post
682 2179 786 2248 Deum
813 2181 965 2264 obtinuit,
996 2184 1034 2245 nt
1061 2179 1130 2247 solu
1156 2199 1228 2247 oum

58 2298 120 2385 ipso
142 2297 253 2365 didere
275 2295 392 2382 possit:
415 2296 488 2384 Eoo
513 2298 651 2363 occidam
673 2309 703 2363 et
720 2321 775 2385 eqo
791 2300 892 2363 uivere
900 2297 1034 2385 faciam,
1052 2300 1230 2384 peroratum

59 2428 84 2481 et
108 2438 165 2503 ⁶90
193 2407 343 2480 sanato&
377 2410 444 2490 Que
472 2416 521 2478 ost
545 2411 643 2496 igitur
663 2412 817 2479 fortitudo
838 2416 949 2479 nostro
971 2416 1027 2478 aut
1046 2412 1165 2495 virtus,
1192 2416 1230 2477 ut

58 2530 171 2615 erigere
194 2528 366 2617 possimus,
390 2548 484 2614 quem
505 2547 617 2595 manus
641 2528 726 2595 elisit
743 2527 1068 2615 omnipotentissime?
1099 2527 1142 2593 Et
1157 2526 1228 2614 ipse

58 2647 180 2733 quidem
198 2646 335 2713 domnus
349 2643 527 2729 Heinrious,
543 2664 615 2711 oum
634 2646 730 2712 buerit
745 2644 785 2711 sb
801 2643 992 2732 apostolieae
1007 2643 1091 2711 sedis
1105 2636 1227 2728 legoto‘

9 2788 10 2791 ¹
58 2764 344 2831 excommunitatus
373 2766 406 2829 et
432 2762 472 2828 ob
501 2762 586 2827 omni
608 2766 675 2827 tum
697 2761 842 2828 sbbstiee
864 2761 1017 2845 dignitate
1040 2780 1136 2847 quam
1158 2779 1227 2827 seo-

58 2879 230 2948 olesisstioo
260 2876 362 2946 officio
389 2878 566 2965 depositus,
594 2876 697 2943 nullas
719 2876 985 2945 reoonoilietionis
1007 2896 1082 2944 suos
1104 2875 1226 2944 littores

9 3076 10 3081 Ἰ
58 2996 257 3065 altomonte
279 2995 448 3063 eeoolesiee
471 2993 637 3062 elementis
658 2992 776 3079 retulit,
798 2994 944 3061 tortuosis
965 2994 1040 3080 quie
1054 2993 1226 3061 seeundum

56 3133 171 3181 morem
201 3116 236 3180 et
263 3113 410 3179 instituta
437 3111 521 3179 sedis
550 3110 741 3198 apostolieae
768 3112 876 3178 iuuere
901 3111 995 3178 teotis
1018 3110 1226 3177 saerosnnotis

58 3230 227 3316 euangeliis
254 3228 371 3314 noluit,
401 3226 485 3314 quod
512 3227 552 3295 de
580 3233 683 3295 oetero
706 3227 928 3295 Gorbeieusem
957 3226 1141 3295 eooolesiom
1167 3246 1227 3294 nee

57 3366 108 3433 per
129 3366 165 3415 se
188 3364 251 3413 neo
272 3366 330 3433 per
344 3344 534 3413 submissum
548 3364 718 3431 personum
733 3348 872 3411 vexaret.
907 3344 989 3410 Tum
1010 3365 1085 3411 sero
1105 3344 1141 3410 in
1161 3344 1226 3411 sin-

58 3462 111 3531 odo
136 3462 308 3547 Romensi,
344 3482 404 3547 que
432 3462 577 3548 proxime
605 3459 763 3529 eelebrsta
791 3467 854 3546 est,
889 3461 1022 3527 domnus
1047 3480 1133 3547 popu
1159 3466 1227 3527 tum
1242 3474 1325 3535 spes

58 3580 146 3648 verbo
170 3598 270 3667 quem
293 3578 419 3666 seriptis
443 3573 658 3645 oonfirmouit⁴
680 3579 869 3645 sententiam
890 3576 988 3661 legati
1009 3578 1060 3644 sui
1081 3577 1227 3660 magistri

58 3696 203 3781 Thomas,
228 3716 324 3783 quam
338 3696 373 3763 in
386 3694 564 3782 prodiotum
579 3693 789 3777 Hteiurioum)
805 3694 994 3777 diotouerot3
1019 3698 1067 3760 set
1087 3692 1167 3779 ipse,
1190 3698 1228 3759 ut

59 3812 172 3883 dietum
196 3818 256 3897 ost,
280 3818 312 3879 et
335 3832 355 3879 o
376 3811 476 3897 gradu
499 3810 593 3879 stab
616 3810 726 3877 ordine
747 3811 977 3878 aecclesiastico
995 3829 1066 3877 eum
1081 3808 1227 3895 deposuit

61 3935 101 4016 et,
124 3938 281 4017 tanquam
302 3928 534 3997 inobedientem
555 3928 652 3995 immo
675 3948 750 3995 uero
774 3932 882 4015 operte
903 3924 1069 4010 rebellem,
1096 3924 1225 3992 enetbe-

60 4050 147 4117 nutis
177 4046 337 4115 sententio
363 4044 507 4132 pertulit.
543 4042 701 4122 Quantum
727 4064 804 4111 uero
827 4044 989 4130 pinoulum
1010 4042 1054 4109 sit
1073 4040 1152 4107 illud
1174 4060 1224 4107 re·

61 4164 156 4252 uipera
188 4163 274 4251 quod
295 4162 438 4230 Romane
466 4159 618 4228 eeoolesie
642 4161 778 4248 respuit,
807 4180 968 4228 seororum
989 4177 1145 4243 cononum
1165 4176 1224 4243 pu·

124 4330 145 4363 ι
165 4315 227 4363 fidae
244 4332 264 4363 ι.

9 4438 10 4445 1
125 4411 151 4468 1.
169 4408 442 4483 Bmoeuourgenst
490 4409 517 4467 2.
535 4408 617 4467 Dout
631 4408 675 4479 dt,
686 4407 729 4463 39.
774 4408 802 4466 3.
819 4404 933 4466 Thom-
977 4403 1005 4461 t
1023 4402 1222 4481 ορ.81ρ.158.
