3117 4859
391 298 541 347 vvmnnm
561 296 748 347 nrrsronsn
767 296 823 345 sss.
840 296 894 347 ses.
1160 280 1226 349 413

50 442 123 507 tum
144 455 201 507 vos
226 458 294 509 esso
315 437 403 525 volo,
426 441 573 528 quatinus
596 440 681 529 apud
703 438 865 509 dominum
886 460 1002 527 meum,
1025 441 1114 509 euius
1136 446 1314 510 man-1150

49 555 130 624 elato
152 576 314 645 nunquam
328 577 392 625 non
407 558 633 646 optemperavi,
655 578 707 627 me
721 557 857 627 fideliter
871 563 1054 626 arousstum
1067 557 1225 641 habeatim
1247 521 1312 582 Μ

50 674 132 760 quia
151 694 208 742 vos
230 674 382 760 legationi
402 674 477 741 huie
499 674 584 743 solus
608 674 768 761 sufficitis,
796 694 855 743 neo
876 696 934 761 ego
956 675 1043 743 aliud
1065 674 1227 743 vobiseum

50 806 198 877 Quem,
225 792 289 859 nisi
316 792 399 861 sieut
426 794 558 861 nuneius
586 812 787 882 apparerem,
815 792 914 861 uiehil
934 813 1046 878 agens,
1074 790 1171 859 nichil
1192 792 1227 859 in

48 909 217 996 presentia
229 914 336 977 vestra
356 908 487 997 loquens
510 915 551 996 et,
574 909 771 998 siloquerer,
794 910 989 999 imperitiam
1003 930 1108 978 meam
1122 913 1227 977 osteu-

50 1024 175 1111 dendo,
203 1027 294 1113 quasi
321 1046 415 1097 sorex
441 1047 512 1095 meo
539 1026 655 1095 iudicio
682 1028 831 1116 perirem.
882 1025 1019 1095 sivero
1048 1026 1227 1114 quindeoim

48 1141 124 1209 elios
146 1147 220 1229 post
239 1143 357 1211 festum
378 1143 463 1213 beati
477 1140 630 1229 Remigii¹
650 1164 702 1213 ms
724 1149 891 1234 exportare
904 1143 1028 1213 velletis
1050 1148 1084 1211 et
1103 1164 1161 1228 ego
1175 1163 1227 1212 me

48 1258 185 1327 interim
202 1260 351 1350 expedire
365 1265 398 1328 et
411 1280 582 1349 preparare
597 1260 744 1347 valerem,
767 1261 931 1329 dominum
944 1282 1051 1329 meum
1065 1260 1227 1329 votiseum

49 1375 193 1461 nomem
226 1382 259 1447 st
292 1378 441 1466 quiequid
466 1378 606 1447 fauturus
635 1398 751 1465 essem,
785 1376 876 1447 salva
901 1378 1006 1464 gratia
1032 1378 1100 1447 eius
1126 1375 1225 1447 lieret

48 1491 176 1563 Valete

49 1704 145 1781 286.
164 1710 323 1777 Weatdro
337 1711 477 1777 Ansoldo
494 1712 678 1777 oaaesllan'o
692 1712 866 1799 respondet,
888 1734 921 1778 se
934 1713 1003 1799 rapi
1017 1713 1055 1778 de
1069 1712 1229 1779 eomodo

164 1828 317 1916 eposium
339 1828 540 1895 obeditionem.
573 1828 644 1895 Vols
665 1850 734 1895 eum
755 1828 805 1893 sel
824 1828 908 1895 altra
928 1829 1011 1893 diem
1027 1828 1071 1895 15
1088 1826 1229 1895 Octobris

168 1954 353 2033 aspectura.
1065 1941 1120 2027 (lt
1137 1943 1227 2027 265.)

144 2074 319 2145 Rarissimo
347 2074 475 2145 domino
502 2081 535 2146 et
562 2077 662 2145 amieo
689 2098 745 2145 suo
768 2076 936 2162 Atmoldo)
957 2078 1131 2146 vonerabili
1153 2089 1317 2146 ean-1150

48 2191 182 2263 moneo
204 2193 302 2261 fraer
324 2191 514 2278 venosus)
535 2192 597 2264 ns
618 2194 723 2280 mss
742 2195 787 2282 ro,
810 2195 894 2283 quor
916 2200 980 2282 se,
1008 2216 1044 2264 ιο
1067 2195 1173 2283 ipsun
1194 2198 1228 2263 o
1249 2164 1313 2225 ⁸⁶¹*

48 2330 115 2379 sue
135 2328 251 2379 omma

143 2426 259 2512 Verba,
286 2446 366 2515 quse
388 2427 560 2516 seripsistis
582 2430 672 2499 nobis
695 2429 734 2497 de
757 2428 942 2497 difficultate
963 2428 1152 2514 egressionis
1173 2448 1227 2497 ve-

49 2550 139 2613 strae
167 2549 200 2614 st
226 2544 458 2633 properationis
486 2546 526 2613 ad
553 2546 614 2613 itsr
638 2545 831 2632 Romanum,
858 2551 969 2614 noema
994 2546 1105 2634 prooul
1132 2545 1227 2613 (lubio

49 2668 144 2745 sunt;
168 2667 202 2729 et
222 2682 283 2748 que
304 2662 442 2731 eonditio
463 2663 555 2731 nobis
577 2663 620 2731 sit
638 2663 680 2731 in'
688 2662 829 2731 eoelestis
842 2662 971 2749 nostris,
994 2668 1050 2729 eut
1071 2683 1132 2749 que
1153 2682 1227 2749 pos·

48 2778 191 2849 sibilites
213 2780 273 2847 hoo
293 2784 435 2867 tompore
457 2778 654 2866 relinquendi
675 2780 791 2847 trames
812 2783 953 2864 nostros,
979 2799 1036 2847 vos
1057 2779 1091 2847 in
1113 2778 1228 2847 vostris

47 2895 206 2965 fratribus
228 2895 444 2981 oonnderatis
467 2915 539 2963 oum
553 2896 716 2965 videamus
737 2898 803 2965 iam
825 2917 883 2984 pre
897 2895 996 2965 oeulis
1010 2896 1227 2964 mminentom

48 3011 206 3083 fratribus
227 3014 360 3099 nostris,
388 3034 452 3081 nou
476 3013 579 3081 etloum
600 3013 770 3081 karitatem
793 3034 951 3099 annonae,
973 3018 1023 3082 set
1044 3014 1157 3081 duram
1177 3014 1227 3079 in·

49 3131 164 3220 opiam
184 3130 343 3197 maximae
365 3128 551 3197 sterilitatis.
589 3128 680 3198 Lioet
700 3130 798 3216 igitur
820 3131 954 3219 impium
975 3131 1066 3200 nobis
1089 3152 1158 3199 esse
1179 3130 1228 3197 vi·

49 3247 168 3316 dentur
195 3246 373 3335 relinquere
394 3246 509 3314 naues
530 3252 656 3315 nostros
679 3247 737 3315 sub
759 3247 899 3335 perieulo
920 3248 1014 3315 tamis
1037 3254 1070 3315 et
1089 3248 1226 3338 inopiae,

51 3384 92 3434 ex
117 3363 220 3433 altera
240 3369 348 3433 tamen
368 3369 460 3452 parte
482 3363 596 3431 durum
612 3364 702 3433 nobis
718 3384 788 3433 esse
801 3364 955 3450 videmus,
976 3365 1060 3433 iram
1073 3364 1227 3453 prineipis

49 3482 215 3551 ineurrere
242 3485 283 3566 et
306 3500 370 3549 una
390 3481 459 3549 vioe
480 3479 666 3549 menolatum
687 3482 755 3549 eius
777 3502 818 3549 ex
840 3502 965 3549 summa
985 3502 1150 3551 oausamm
1172 3502 1227 3549 ne-

49 3599 203 3667 oessitate
223 3597 442 3687 pretereunda
466 3618 558 3666 omne
581 3599 753 3684 servitium,
777 3617 838 3685 quo
862 3600 892 3666 ei
914 3604 947 3667 ot
965 3620 1062 3684 regno
1076 3618 1227 3685 umquam
1356 3652 1360 3662 .

50 3716 253 3801 servivimus,
276 3714 379 3783 subito
395 3715 536 3803 perdere.
569 3714 744 3801 Angustiae
760 3715 888 3802 quidem
901 3710 1155 3802 suntundique’,
1178 3716 1227 3781 set

50 3832 168 3900 melius
192 3836 240 3899 est
260 3832 352 3900 nobis
373 3832 433 3900 hoe
454 3838 605 3920 tempore,
628 3837 665 3899 ut
686 3852 737 3899 res
759 3838 885 3900 nostres
907 3834 965 3901 sub
984 3832 1162 3900 discrimine
1175 3848 1226 3895 re-

51 3944 245 4036 linquamus,
269 3970 363 4036 quam
378 3948 529 4017 offensam
551 3949 671 4017 domini
692 3949 794 4017 nostri
815 3950 899 4035 regis
921 3969 985 4016 uon
1006 3943 1224 4015 satisfaciendo

52 4064 211 4134 voluntati
233 4067 300 4134 eius
322 4067 535 4152 momentus,
562 4071 595 4135 et
616 4067 752 4151 gratiam
772 4067 885 4154 ipsius,
906 4086 966 4153 pro
988 4084 1051 4149 qua
1071 4058 1225 4128 servanda

52 4180 119 4251 iam
142 4202 201 4270 per
222 4181 339 4251 multos
362 4204 461 4253 annos
482 4183 705 4270 laboravimus,
726 4204 787 4273 pro
804 4182 911 4269 aliqua
925 4176 1117 4264 negligentia
1131 4173 1224 4241 modo

53 4299 235 4389 perdamus,
259 4305 292 4369 et
311 4320 363 4369 res
384 4300 518 4391 imperio
532 4300 583 4370 vel
605 4300 792 4391 imperantis
813 4297 926 4367 honori
944 4296 1115 4383 oportunae
1129 4294 1224 4378 atque

126 4430 153 4487 1.
172 4430 290 4490 ooe1o.
361 4434 386 4490 2.
406 4434 478 4491 Dan.
491 4434 534 4505 13,
547 4435 591 4492 22.
