3117 4859
387 258 743 309 marmorearum
763 258 888 309 asam
1155 244 1223 313 42⁸

57 422 149 489 qnam
170 401 341 491 monachos
364 422 422 489 pro
443 401 668 469 moneoborum
690 401 848 469 deletione
860 403 961 470 iuius
981 404 1168 473 vocaveritis
1191 412 1224 474 et

56 536 179 585 omnem
202 519 445 587 oontrouersinm
466 518 541 586 bino
562 524 596 587 et
615 518 690 587 inde
706 518 873 605 diligenter
886 520 1096 605 eognoseritis
1110 526 1223 589 ettam

55 636 169 703 iudioio
192 651 286 721 quem
312 635 443 701 oonsilio
466 636 615 732 soolesise
637 640 761 703 vesbee
789 635 936 703 abbatem
958 637 978 703 t
998 637 1224 705 monsobormn

56 752 261 835 aoouoetione,
283 751 451 837 presertim
470 751 561 835 falsa,
586 751 795 837 absolveritis,
816 772 880 819 non
894 758 944 819 est
956 752 1116 838 credibile,
1139 754 1224 840 quod

55 873 162 937 oontm
191 866 334 945 oenonioi
364 868 443 935 iuris
470 867 627 936 rationem
652 868 741 937 litem
770 868 909 936 deoisam
935 868 1079 936 reirioeri
1107 869 1222 939 velitis.

55 984 95 1052 Et
107 983 208 1051 seculi
222 983 307 1067 leges
323 984 441 1069 dieunt,
464 984 557 1052 rebus
572 986 636 1053 iem
651 985 797 1053 iudioetis
818 984 967 1051 dandum
982 1005 1061 1053 esse.
1088 986 1133 1053 Et
1146 1006 1223 1073 quo·

54 1102 136 1169 niam
160 1100 353 1188 apostolieae
375 1100 537 1185 dignitafis
559 1100 683 1168 eulmen
704 1106 771 1169 tem
795 1101 905 1168 ordine
918 1121 1014 1186 quum
1027 1103 1224 1189 professione

55 1218 176 1303 bnebs,
199 1236 265 1285 non
286 1217 362 1284 estis
384 1217 476 1285 iuxta
497 1216 673 1305 apostolum
694 1217 824 1285 levitate
845 1238 933 1303 usus,
954 1223 992 1286 ut
1009 1219 1054 1285 sit
1067 1219 1153 1307 apud
1165 1240 1223 1287 vos

55 1346 96 1401 ost
116 1338 149 1401 et
169 1328 267 1400 ποιὰ
291 1338 328 1399 ut
348 1333 495 1401 videlieet
515 1353 643 1401 musam
664 1334 743 1403 bene
766 1334 889 1402 trebie
914 1334 1075 1419 oognitam
1094 1341 1129 1401 et
1149 1354 1222 1423 pre-

54 1449 224 1517 indioetam
245 1448 398 1535 nobisque
419 1450 461 1517 ed
481 1450 715 1517 terminandum
735 1453 938 1518 oommissam
951 1472 1061 1518 rursus
1076 1457 1150 1519 ente
1163 1453 1222 1518 tri·

54 1565 146 1633 bunal
174 1552 317 1633 vestrum
345 1566 380 1633 in
406 1566 558 1633 iuditium
583 1566 746 1634 revoeetis
836 1566 920 1633 Nem
942 1568 1028 1654 quod
1049 1588 1125 1655 sepe
1145 1568 1224 1635 dieti

53 1681 197 1749 monaehi
218 1687 462 1768 mequomo,
485 1682 570 1767 quod
591 1682 675 1749 bone
688 1682 903 1751 Hasteriensis
922 1682 1074 1751 ecelesiae
1087 1705 1145 1771 per
1166 1684 1223 1752 eb·

53 1798 130 1865 betis
144 1799 372 1885 negligentiam
387 1805 498 1867 eontra
511 1798 633 1865 licitum
650 1798 878 1885 distrahuntur,
900 1805 937 1867 ut
951 1801 1035 1888 apud
1048 1800 1224 1888 propitium

51 1913 184 1983 iudioem
208 1914 384 2001 loquamur,
406 1936 483 1983 vere
503 1915 570 1985 fere
584 1916 743 2001 dixerunt,
766 1934 838 1982 oum
854 1916 893 1983 de
910 1916 1068 1984 thesauris
1083 1918 1223 1985 eiusdem

53 2030 199 2099 eooleeiae
219 2036 290 2097 nm
310 2032 347 2097 in
369 2031 471 2099 eundo
495 2032 535 2099 ed
556 2052 612 2100 vos
635 2038 704 2099 tum
732 2032 767 2099 in
793 2034 981 2101 revertendo
1009 2033 1050 2100 ed
1072 2034 1223 2101 domnum

53 2144 258 2215 Leodiensem
279 2148 410 2215 ealioem
432 2168 489 2216 sex
511 2169 689 2217 marearum
711 2156 744 2217 et
765 2169 891 2217 oruoem
913 2154 1110 2235 argentm,
1133 2150 1222 2235 igno-

53 2269 139 2333 rante
163 2264 293 2349 abbate,
316 2266 504 2353 expendisse
524 2270 722 2351 eseermtnr,
745 2271 779 2333 et
799 2266 901 2335 multe
920 2272 1080 2355 pretereo,
1109 2267 1222 2352 quibus

53 2401 106 2468 per
126 2380 379 2468 inquietud‘mem
408 2402 500 2449 suem
528 2388 561 2451 et
588 2380 746 2471 superflue
771 2382 876 2467 litigia
897 2382 1063 2449 eoolesium
1083 2383 1223 2449 minora·

53 2502 177 2581 semnt3
200 2516 403 2585 nequequam
425 2498 527 2565 edisne
548 2500 711 2585 desuetum,
734 2498 798 2565 nisi
820 2498 1004 2565 animositas
1027 2517 1136 2565 eorum
1158 2499 1222 2566 for-

54 2613 123 2681 tiori
145 2612 334 2702 disciplinae
354 2615 428 2700 iugo
450 2617 651 2703 reprimatur.
735 2614 946 2693 Quamobrem
967 2614 1146 2683 seuotitetis
1167 2634 1222 2683 ro-

54 2734 134 2799 strae
155 2730 289 2815 genibus
318 2730 474 2817 advoluti,
503 2731 618 2799 obnixe
643 2750 826 2818 pmamur,
854 2736 892 2798 ut
917 2730 1131 2798 misereamini
1155 2731 1223 2799 iam

53 2845 225 2917 dedolantis
246 2848 330 2915 inter
351 2847 409 2915 bes
431 2848 647 2917 eontentiones
670 2846 811 2933 abbet’n,
838 2848 961 2935 pereite
988 2848 1071 2933 seni,
1099 2848 1222 2935 peroite

52 2962 146 3051 inopi,
170 2964 227 3051 qui
247 2964 332 3033 inter
352 2965 554 3051 tyrannidem
576 2964 801 3031 edroomorum
818 2970 851 3033 et
864 2984 973 3032 rerum
987 2964 1128 3032 omnium
1149 2984 1222 3048 ege-

53 3084 163 3149 statem
192 3080 334 3149 leborem
362 3082 417 3149 rix
444 3081 581 3149 tolerare
605 3078 750 3149 suffiunt
840 3080 986 3149 Misimus
1014 3082 1056 3147 ed
1082 3086 1222 3148 vestrum

52 3195 271 3266 messionem
292 3202 437 3265 neubon
458 3204 526 3266 mm
548 3199 701 3283 sangnine
723 3218 819 3285 quem
833 3198 1013 3266 obedientie
1034 3202 1068 3264 et
1089 3198 1222 3266 multato

52 3332 249 3399 gomanum,
272 3332 365 3401 quem
388 3319 539 3402 tunquam
560 3314 727 3402 nosipsos
749 3315 783 3381 in
806 3314 950 3383 omnibus
973 3320 1006 3382 et
1025 3314 1222 3383 honorabitis

53 3434 83 3497 et
102 3431 288 3501 muniatis.

55 3639 138 3715 295.
157 3646 317 3713 Ws'doldus
339 3646 512 3713 rimoldum
535 3644 754 3713 cancellarium
775 3656 882 3732 royot,
910 3656 945 3709 ot
960 3668 1086 3733 poeseos
1107 3647 1222 3711 sericos

159 3764 218 3829 ss'bs'
238 3764 346 3828 mitet.
381 3763 433 3828 De
455 3764 536 3850 reyis
559 3763 693 3828 eoosos'ls‘s's
715 3763 827 3827 certior
841 3762 920 3853 fien'
941 3762 1013 3826 uult.
1058 3757 1112 3840 (Μ.
1129 3759 1220 3841 292.)

137 3894 312 3963 Kariesim
334 3895 461 3966 domino
485 3900 518 3963 et
534 3896 634 3963 amieo
650 3916 707 3963 suo
722 3894 889 3979 Atrnoldo)
904 3892 1077 3961 venerabili
1091 3897 1220 3959 saumae

55 4008 245 4079 (boloniensis
273 4012 424 4080 eeclesiae
450 4013 564 4079 maiori
585 4012 747 4101 preposito
770 4013 877 4096 regius
898 4011 1003 4077 eurise
1033 4008 1220 4077 oanoellario

54 4110 147 4195 ster
161 4126 350 4211 ulredum)
373 4127 435 4196 ne
457 4119 561 4212 graus
582 4130 626 4215 iu,
648 4129 732 4216 quoa
755 4134 805 4197 est
824 4128 860 4195 in
882 4126 1034 4195 aeeclesia
1055 4123 1219 4212 meeum

56 4242 184 4311 salutem
207 4250 239 4312 et
259 4244 518 4312 benedictionem.

122 4377 148 4431 ι.
165 4376 317 4435 emme.
331 4377 355 4447 1,
368 4378 411 4433 ιι.

1276 410 1348 467 1160

1237 482 1390 545 eope-oet.

1239 3905 1309 3961 1150
1349 3914 1352 3919 '
