<?xml version="1.0" encoding="UTF-8"?>
<!DOCTYPE html PUBLIC "-//W3C//DTD XHTML 1.0 Transitional//EN"
    "http://www.w3.org/TR/xhtml1/DTD/xhtml1-transitional.dtd">
<html xmlns="http://www.w3.org/1999/xhtml" xml:lang="en" lang="en">
 <head>
  <title>
</title>
<meta http-equiv="Content-Type" content="text/html;charset=utf-8" />
  <meta name='ocr-system' content='tesseract 3.04.00' />
  <meta name='ocr-capabilities' content='ocr_page ocr_carea ocr_par ocr_line ocrx_word'/>
</head>
<body>
  <div class='ocr_page' id='page_1' title='image "./bibliothecareru05jaffgoog_0128.png"; bbox 0 0 3117 4859; ppageno 0'>
   <div class='ocr_carea' id='block_1_1' title="bbox 0 2260 2 3085">
    <p class='ocr_par' dir='ltr' id='par_1_1' title="bbox 0 2260 2 3085">
     <span class='ocr_line' id='line_1_1' title="bbox 0 2260 2 3085; baseline 0 0"><span class='ocrx_word' id='word_1_1' title='bbox 0 2260 2 3085; x_wconf 95' lang='lat' dir='ltr'><strong> </strong></span> 
     </span>
    </p>
   </div>
   <div class='ocr_carea' id='block_1_2' title="bbox 321 270 1158 371">
    <p class='ocr_par' dir='ltr' id='par_1_2' title="bbox 321 270 1158 371">
     <span class='ocr_line' id='line_1_2' title="bbox 321 270 1158 371; baseline -0.005 -34"><span class='ocrx_word' id='word_1_2' title='bbox 321 270 384 337; x_wconf 75' lang='lat'><strong>120</strong></span> <span class='ocrx_word' id='word_1_3' title='bbox 461 362 463 371; x_wconf 58' lang='lat'><strong>.</strong></span> <span class='ocrx_word' id='word_1_4' title='bbox 673 288 821 337; x_wconf 81' lang='lat' dir='ltr'><strong>wmsnni</strong></span> <span class='ocrx_word' id='word_1_5' title='bbox 842 286 1029 337; x_wconf 75' lang='lat' dir='ltr'><strong>sinuosas</strong></span> <span class='ocrx_word' id='word_1_6' title='bbox 1050 286 1158 334; x_wconf 77' lang='lat' dir='ltr'><strong>so-ss</strong></span> 
     </span>
    </p>
   </div>
   <div class='ocr_carea' id='block_1_3' title="bbox 230 428 1477 518">
    <p class='ocr_par' dir='ltr' id='par_1_3' title="bbox 230 428 1477 518">
     <span class='ocr_line' id='line_1_3' title="bbox 230 428 1477 518; baseline 0.008 -28"><span class='ocrx_word' id='word_1_7' title='bbox 230 433 299 491; x_wconf 80' lang='lat'><strong>114‘1</strong></span> <span class='ocrx_word' id='word_1_8' title='bbox 319 448 415 515; x_wconf 86' lang='lat' dir='ltr'><strong>quam</strong></span> <span class='ocrx_word' id='word_1_9' title='bbox 437 428 529 497; x_wconf 91' lang='lat' dir='ltr'><strong>detis.</strong></span> <span class='ocrx_word' id='word_1_10' title='bbox 568 429 636 499; x_wconf 91' lang='lat' dir='ltr'><strong>Hoc</strong></span> <span class='ocrx_word' id='word_1_11' title='bbox 658 436 741 499; x_wconf 89' lang='lat' dir='ltr'><strong>esset</strong></span> <span class='ocrx_word' id='word_1_12' title='bbox 762 428 908 499; x_wconf 88' lang='lat' dir='ltr'><strong>veneficis</strong></span> <span class='ocrx_word' id='word_1_13' title='bbox 931 449 1085 499; x_wconf 81' lang='lat' dir='ltr'><strong>renonum</strong></span> <span class='ocrx_word' id='word_1_14' title='bbox 1107 449 1291 518; x_wconf 87' lang='lat' dir='ltr'><strong>procurare,</strong></span> <span class='ocrx_word' id='word_1_15' title='bbox 1318 430 1477 499; x_wconf 81' lang='lat' dir='ltr'><strong>rebellibus</strong></span> 
     </span>
    </p>
   </div>
   <div class='ocr_carea' id='block_1_4' title="bbox 317 546 1484 1447">
    <p class='ocr_par' dir='ltr' id='par_1_4' title="bbox 317 546 1484 1447">
     <span class='ocr_line' id='line_1_4' title="bbox 319 546 1479 636; baseline 0.002 -23"><span class='ocrx_word' id='word_1_16' title='bbox 319 567 409 613; x_wconf 88' lang='lat' dir='ltr'><strong>arma</strong></span> <span class='ocrx_word' id='word_1_17' title='bbox 432 546 518 633; x_wconf 83' lang='lat' dir='ltr'><strong>dare,</strong></span> <span class='ocrx_word' id='word_1_18' title='bbox 540 547 661 615; x_wconf 89' lang='lat' dir='ltr'><strong>insanis</strong></span> <span class='ocrx_word' id='word_1_19' title='bbox 684 547 806 615; x_wconf 84' lang='lat' dir='ltr'><strong>clavam</strong></span> <span class='ocrx_word' id='word_1_20' title='bbox 827 548 996 636; x_wconf 78' lang='lat' dir='ltr'><strong>porrigere.</strong></span> <span class='ocrx_word' id='word_1_21' title='bbox 1032 546 1116 615; x_wconf 92' lang='lat' dir='ltr'><strong>Dum</strong></span> <span class='ocrx_word' id='word_1_22' title='bbox 1130 548 1166 614; x_wconf 89' lang='lat' dir='ltr'><strong>iii</strong></span> <span class='ocrx_word' id='word_1_23' title='bbox 1179 548 1368 615; x_wconf 89' lang='lat' dir='ltr'><strong>monasterio</strong></span> <span class='ocrx_word' id='word_1_24' title='bbox 1381 553 1479 615; x_wconf 70' lang='lat' dir='ltr'><strong>sesto</strong></span> 
     </span>
     <span class='ocr_line' id='line_1_5' title="bbox 317 662 1479 753; baseline 0.003 -24"><span class='ocrx_word' id='word_1_25' title='bbox 317 662 419 731; x_wconf 87' lang='lat' dir='ltr'><strong>irater</strong></span> <span class='ocrx_word' id='word_1_26' title='bbox 448 684 517 731; x_wconf 89' lang='lat' dir='ltr'><strong>csse</strong></span> <span class='ocrx_word' id='word_1_27' title='bbox 540 664 720 750; x_wconf 86' lang='lat' dir='ltr'><strong>videbatur,</strong></span> <span class='ocrx_word' id='word_1_28' title='bbox 750 664 809 731; x_wconf 89' lang='lat' dir='ltr'><strong>snb</strong></span> <span class='ocrx_word' id='word_1_29' title='bbox 832 665 936 753; x_wconf 90' lang='lat' dir='ltr'><strong>specie</strong></span> <span class='ocrx_word' id='word_1_30' title='bbox 958 671 991 733; x_wconf 94' lang='lat' dir='ltr'><strong>et</strong></span> <span class='ocrx_word' id='word_1_31' title='bbox 1010 665 1137 732; x_wconf 92' lang='lat' dir='ltr'><strong>nomine</strong></span> <span class='ocrx_word' id='word_1_32' title='bbox 1158 664 1338 752; x_wconf 76' lang='lat' dir='ltr'>prebendae</span> <span class='ocrx_word' id='word_1_33' title='bbox 1357 671 1479 753; x_wconf 88' lang='lat' dir='ltr'><strong>propter</strong></span> 
     </span>
     <span class='ocr_line' id='line_1_6' title="bbox 318 780 1479 869; baseline 0.002 -22"><span class='ocrx_word' id='word_1_34' title='bbox 318 780 437 847; x_wconf 91' lang='lat' dir='ltr'><strong>bonum</strong></span> <span class='ocrx_word' id='word_1_35' title='bbox 464 781 553 867; x_wconf 80' lang='lat' dir='ltr'><strong>pacis</strong></span> <span class='ocrx_word' id='word_1_36' title='bbox 582 780 730 868; x_wconf 89' lang='lat' dir='ltr'><strong>potuistis</strong></span> <span class='ocrx_word' id='word_1_37' title='bbox 752 802 859 848; x_wconf 90' lang='lat' dir='ltr'><strong>rerum</strong></span> <span class='ocrx_word' id='word_1_38' title='bbox 881 788 1056 850; x_wconf 88' lang='lat' dir='ltr'><strong>vestrarum</strong></span> <span class='ocrx_word' id='word_1_39' title='bbox 1079 781 1244 869; x_wconf 91' lang='lat' dir='ltr'><strong>dispendio</strong></span> <span class='ocrx_word' id='word_1_40' title='bbox 1266 782 1428 849; x_wconf 86' lang='lat' dir='ltr'><strong>obstruere</strong></span> <span class='ocrx_word' id='word_1_41' title='bbox 1448 802 1479 849; x_wconf 94' lang='lat' dir='ltr'><strong>os</strong></span> 
     </span>
     <span class='ocr_line' id='line_1_7' title="bbox 318 896 1480 987; baseline 0.003 -26"><span class='ocrx_word' id='word_1_42' title='bbox 318 896 515 981; x_wconf 88' lang='lat' dir='ltr'><strong>loquentium</strong></span> <span class='ocrx_word' id='word_1_43' title='bbox 537 896 654 982; x_wconf 88' lang='lat' dir='ltr'><strong>iniqua.</strong></span> <span class='ocrx_word' id='word_1_44' title='bbox 689 896 780 964; x_wconf 89' lang='lat' dir='ltr'><strong>Nunc</strong></span> <span class='ocrx_word' id='word_1_45' title='bbox 802 919 892 984; x_wconf 87' lang='lat' dir='ltr'><strong>vero,</strong></span> <span class='ocrx_word' id='word_1_46' title='bbox 918 905 1086 987; x_wconf 87' lang='lat' dir='ltr'><strong>postquam</strong></span> <span class='ocrx_word' id='word_1_47' title='bbox 1107 898 1206 967; x_wconf 86' lang='lat' dir='ltr'><strong>frater</strong></span> <span class='ocrx_word' id='word_1_48' title='bbox 1228 919 1297 967; x_wconf 89' lang='lat' dir='ltr'><strong>esse</strong></span> <span class='ocrx_word' id='word_1_49' title='bbox 1319 902 1352 965; x_wconf 93' lang='lat' dir='ltr'><strong>et</strong></span> <span class='ocrx_word' id='word_1_50' title='bbox 1372 898 1480 965; x_wconf 87' lang='lat' dir='ltr'><strong>habere</strong></span> 
     </span>
     <span class='ocr_line' id='line_1_8' title="bbox 320 1011 1482 1104; baseline 0.002 -25"><span class='ocrx_word' id='word_1_51' title='bbox 320 1011 513 1099; x_wconf 86' lang='lat' dir='ltr'><strong>prebendam</strong></span> <span class='ocrx_word' id='word_1_52' title='bbox 535 1011 639 1099; x_wconf 82' lang='lat' dir='ltr'><strong>desiit,</strong></span> <span class='ocrx_word' id='word_1_53' title='bbox 663 1034 682 1080; x_wconf 87' lang='lat' dir='ltr'><strong>a</strong></span> <span class='ocrx_word' id='word_1_54' title='bbox 705 1013 820 1081; x_wconf 92' lang='lat' dir='ltr'><strong>domno</strong></span> <span class='ocrx_word' id='word_1_55' title='bbox 841 1036 926 1104; x_wconf 90' lang='lat' dir='ltr'><strong>papa</strong></span> <span class='ocrx_word' id='word_1_56' title='bbox 947 1016 1183 1101; x_wconf 87' lang='lat' dir='ltr'><strong>condemnatus,</strong></span> <span class='ocrx_word' id='word_1_57' title='bbox 1206 1016 1383 1099; x_wconf 77' lang='lat' dir='ltr'><strong>donesdei,</strong></span> <span class='ocrx_word' id='word_1_58' title='bbox 1405 1014 1482 1082; x_wconf 87' lang='lat' dir='ltr'><strong>unde</strong></span> 
     </span>
     <span class='ocr_line' id='line_1_9' title="bbox 319 1128 1484 1220; baseline 0.003 -26"><span class='ocrx_word' id='word_1_59' title='bbox 319 1128 408 1195; x_wconf 84' lang='lat' dir='ltr'><strong>vobis</strong></span> <span class='ocrx_word' id='word_1_60' title='bbox 431 1133 552 1213; x_wconf 87' lang='lat' dir='ltr'><strong>noceat,</strong></span> <span class='ocrx_word' id='word_1_61' title='bbox 575 1149 638 1197; x_wconf 92' lang='lat' dir='ltr'><strong>non</strong></span> <span class='ocrx_word' id='word_1_62' title='bbox 661 1130 762 1198; x_wconf 91' lang='lat' dir='ltr'><strong>solum</strong></span> <span class='ocrx_word' id='word_1_63' title='bbox 784 1132 887 1219; x_wconf 90' lang='lat' dir='ltr'><strong>turpis</strong></span> <span class='ocrx_word' id='word_1_64' title='bbox 907 1133 1052 1220; x_wconf 76' lang='lat' dir='ltr'><strong>symonia</strong></span> <span class='ocrx_word' id='word_1_65' title='bbox 1067 1137 1115 1200; x_wconf 92' lang='lat' dir='ltr'><strong>set</strong></span> <span class='ocrx_word' id='word_1_66' title='bbox 1130 1134 1226 1201; x_wconf 88' lang='lat' dir='ltr'><strong>etiam</strong></span> <span class='ocrx_word' id='word_1_67' title='bbox 1240 1138 1352 1219; x_wconf 88' lang='lat' dir='ltr'><strong>aperta</strong></span> <span class='ocrx_word' id='word_1_68' title='bbox 1364 1131 1484 1197; x_wconf 88' lang='lat' dir='ltr'><strong>insania</strong></span> 
     </span>
     <span class='ocr_line' id='line_1_10' title="bbox 321 1242 1482 1338; baseline 0.003 -27"><span class='ocrx_word' id='word_1_69' title='bbox 321 1248 378 1311; x_wconf 91' lang='lat' dir='ltr'><strong>est.</strong></span> <span class='ocrx_word' id='word_1_70' title='bbox 413 1242 478 1309; x_wconf 89' lang='lat' dir='ltr'><strong>Nos</strong></span> <span class='ocrx_word' id='word_1_71' title='bbox 501 1244 540 1311; x_wconf 94' lang='lat' dir='ltr'><strong>de</strong></span> <span class='ocrx_word' id='word_1_72' title='bbox 561 1265 639 1332; x_wconf 87' lang='lat' dir='ltr'><strong>pace</strong></span> <span class='ocrx_word' id='word_1_73' title='bbox 661 1267 733 1314; x_wconf 88' lang='lat' dir='ltr'><strong>cum</strong></span> <span class='ocrx_word' id='word_1_74' title='bbox 754 1248 824 1336; x_wconf 92' lang='lat' dir='ltr'><strong>ipso</strong></span> <span class='ocrx_word' id='word_1_75' title='bbox 846 1248 991 1316; x_wconf 89' lang='lat' dir='ltr'><strong>habenda</strong></span> <span class='ocrx_word' id='word_1_76' title='bbox 1011 1269 1069 1317; x_wconf 92' lang='lat' dir='ltr'><strong>nec</strong></span> <span class='ocrx_word' id='word_1_77' title='bbox 1088 1250 1193 1338; x_wconf 89' lang='lat' dir='ltr'><strong>ipsum</strong></span> <span class='ocrx_word' id='word_1_78' title='bbox 1207 1249 1357 1316; x_wconf 89' lang='lat' dir='ltr'><strong>domnum</strong></span> <span class='ocrx_word' id='word_1_79' title='bbox 1370 1268 1482 1337; x_wconf 89' lang='lat' dir='ltr'><strong>papam</strong></span> 
     </span>
     <span class='ocr_line' id='line_1_11' title="bbox 321 1359 1009 1447; baseline 0.012 -21"><span class='ocrx_word' id='word_1_80' title='bbox 321 1359 430 1427; x_wconf 85' lang='lat' dir='ltr'><strong>audire</strong></span> <span class='ocrx_word' id='word_1_81' title='bbox 452 1360 622 1447; x_wconf 88' lang='lat' dir='ltr'><strong>potuimus,</strong></span> <span class='ocrx_word' id='word_1_82' title='bbox 644 1363 760 1431; x_wconf 89' lang='lat' dir='ltr'><strong>nedum</strong></span> <span class='ocrx_word' id='word_1_83' title='bbox 782 1364 1009 1433; x_wconf 82' lang='lat' dir='ltr'><strong>Prumieiiseni</strong></span> 
     </span>
    </p>
   </div>
   <div class='ocr_carea' id='block_1_5' title="bbox 322 1632 1485 1839">
    <p class='ocr_par' dir='ltr' id='par_1_5' title="bbox 322 1632 1485 1839">
     <span class='ocr_line' id='line_1_12' title="bbox 322 1632 1485 1725; baseline -0.006 -20"><span class='ocrx_word' id='word_1_84' title='bbox 322 1634 385 1705; x_wconf 85' lang='lat'><strong>41.</strong></span> <span class='ocrx_word' id='word_1_85' title='bbox 409 1634 575 1702; x_wconf 78' lang='lat' dir='ltr'><strong>Heioriaus</strong></span> <span class='ocrx_word' id='word_1_86' title='bbox 595 1656 653 1699; x_wconf 77' lang='lat' dir='ltr'><strong>rea</strong></span> <span class='ocrx_word' id='word_1_87' title='bbox 674 1632 809 1700; x_wconf 63' lang='lat' dir='ltr'><strong>tidboldi</strong></span> <span class='ocrx_word' id='word_1_88' title='bbox 823 1635 1009 1725; x_wconf 72' lang='lat' dir='ltr'><strong>fidelitatem</strong></span> <span class='ocrx_word' id='word_1_89' title='bbox 1023 1636 1140 1701; x_wconf 68' lang='lat' dir='ltr'><strong>hadal.</strong></span> <span class='ocrx_word' id='word_1_90' title='bbox 1176 1635 1311 1701; x_wconf 81' lang='lat' dir='ltr'><strong>Consilia</strong></span> <span class='ocrx_word' id='word_1_91' title='bbox 1325 1636 1391 1699; x_wconf 62' lang='lat' dir='ltr'><strong>dass</strong></span> <span class='ocrx_word' id='word_1_92' title='bbox 1404 1636 1485 1722; x_wconf 81' lang='lat' dir='ltr'><strong>sequi</strong></span> 
     </span>
     <span class='ocr_line' id='line_1_13' title="bbox 409 1747 1482 1839; baseline -0.002 -22"><span class='ocrx_word' id='word_1_93' title='bbox 409 1752 481 1817; x_wconf 76' lang='lat' dir='ltr'><strong>cult.</strong></span> <span class='ocrx_word' id='word_1_94' title='bbox 515 1750 645 1817; x_wconf 77' lang='lat' dir='ltr'><strong>Massam</strong></span> <span class='ocrx_word' id='word_1_95' title='bbox 668 1773 779 1839; x_wconf 74' lang='lat' dir='ltr'><strong>equum</strong></span> <span class='ocrx_word' id='word_1_96' title='bbox 802 1752 923 1838; x_wconf 64' lang='lat' dir='ltr'><strong>acepit.</strong></span> <span class='ocrx_word' id='word_1_97' title='bbox 1348 1747 1403 1830; x_wconf 84' lang='lat' dir='ltr'><strong>(ll.</strong></span> <span class='ocrx_word' id='word_1_98' title='bbox 1420 1748 1482 1832; x_wconf 81' lang='lat'><strong>30.)</strong></span> 
     </span>
    </p>
   </div>
   <div class='ocr_carea' id='block_1_6' title="bbox 234 1881 1484 1967">
    <p class='ocr_par' dir='ltr' id='par_1_6' title="bbox 234 1881 1484 1967">
     <span class='ocr_line' id='line_1_14' title="bbox 234 1881 1484 1967; baseline -0.001 -17"><span class='ocrx_word' id='word_1_99' title='bbox 234 1892 303 1950; x_wconf 70' lang='lat'>1147</span> <span class='ocrx_word' id='word_1_100' title='bbox 410 1883 576 1951; x_wconf 88' lang='lat' dir='ltr'><strong>Heinricus</strong></span> <span class='ocrx_word' id='word_1_101' title='bbox 598 1882 659 1950; x_wconf 89' lang='lat' dir='ltr'><strong>Dei</strong></span> <span class='ocrx_word' id='word_1_102' title='bbox 687 1883 791 1967; x_wconf 89' lang='lat' dir='ltr'><strong>gratia</strong></span> <span class='ocrx_word' id='word_1_103' title='bbox 811 1881 1023 1950; x_wconf 90' lang='lat' dir='ltr'><strong>Romanorum</strong></span> <span class='ocrx_word' id='word_1_104' title='bbox 1044 1905 1102 1951; x_wconf 84' lang='lat' dir='ltr'><strong>rer</strong></span> <span class='ocrx_word' id='word_1_105' title='bbox 1115 1883 1261 1952; x_wconf 86' lang='lat' dir='ltr'><strong>Wibaldo</strong></span> <span class='ocrx_word' id='word_1_106' title='bbox 1284 1883 1391 1951; x_wconf 88' lang='lat' dir='ltr'><strong>abbati</strong></span> <span class='ocrx_word' id='word_1_107' title='bbox 1413 1882 1484 1950; x_wconf 84' lang='lat' dir='ltr'><strong>cor-</strong></span> 
     </span>
    </p>
   </div>
   <div class='ocr_carea' id='block_1_7' title="bbox 320 1998 1485 3114">
    <p class='ocr_par' dir='ltr' id='par_1_7' title="bbox 320 1998 939 2086">
     <span class='ocr_line' id='line_1_15' title="bbox 320 1998 939 2086; baseline -0.01 -15"><span class='ocrx_word' id='word_1_108' title='bbox 320 2002 442 2071; x_wconf 84' lang='lat' dir='ltr'><strong>beiensi</strong></span> <span class='ocrx_word' id='word_1_109' title='bbox 463 2001 583 2086; x_wconf 62' lang='lat' dir='ltr'><strong>petiae</strong></span> <span class='ocrx_word' id='word_1_110' title='bbox 606 2019 681 2066; x_wconf 89' lang='lat' dir='ltr'><strong>suae</strong></span> <span class='ocrx_word' id='word_1_111' title='bbox 702 1998 939 2086; x_wconf 76' lang='lat' dir='ltr'><strong>plenitudinem.</strong></span> 
     </span>
    </p>

    <p class='ocr_par' dir='ltr' id='par_1_8' title="bbox 322 2114 1485 3114">
     <span class='ocr_line' id='line_1_16' title="bbox 411 2114 1484 2203; baseline -0.001 -19"><span class='ocrx_word' id='word_1_112' title='bbox 411 2117 498 2184; x_wconf 83' lang='lat' dir='ltr'><strong>Certi</strong></span> <span class='ocrx_word' id='word_1_113' title='bbox 525 2137 647 2201; x_wconf 83' lang='lat' dir='ltr'><strong>sumus,</strong></span> <span class='ocrx_word' id='word_1_114' title='bbox 676 2114 760 2201; x_wconf 88' lang='lat' dir='ltr'><strong>quod</strong></span> <span class='ocrx_word' id='word_1_115' title='bbox 781 2118 847 2181; x_wconf 87' lang='lat' dir='ltr'><strong>tam</strong></span> <span class='ocrx_word' id='word_1_116' title='bbox 869 2136 927 2183; x_wconf 92' lang='lat' dir='ltr'><strong>nos</strong></span> <span class='ocrx_word' id='word_1_117' title='bbox 950 2136 1045 2201; x_wconf 88' lang='lat' dir='ltr'><strong>quani</strong></span> <span class='ocrx_word' id='word_1_118' title='bbox 1066 2121 1190 2203; x_wconf 89' lang='lat' dir='ltr'><strong>patrem</strong></span> <span class='ocrx_word' id='word_1_119' title='bbox 1212 2119 1356 2183; x_wconf 90' lang='lat' dir='ltr'><strong>nostruin</strong></span> <span class='ocrx_word' id='word_1_120' title='bbox 1380 2116 1484 2183; x_wconf 90' lang='lat' dir='ltr'><strong>eodeni</strong></span> 
     </span>
     <span class='ocr_line' id='line_1_17' title="bbox 323 2231 1484 2319; baseline -0.003 -17"><span class='ocrx_word' id='word_1_121' title='bbox 323 2234 512 2302; x_wconf 75' lang='lat' dir='ltr'><strong>sinceritatis</strong></span> <span class='ocrx_word' id='word_1_122' title='bbox 535 2232 649 2300; x_wconf 85' lang='lat' dir='ltr'><strong>affectu</strong></span> <span class='ocrx_word' id='word_1_123' title='bbox 670 2231 889 2319; x_wconf 88' lang='lat' dir='ltr'><strong>complectaris</strong></span> <span class='ocrx_word' id='word_1_124' title='bbox 911 2238 944 2299; x_wconf 88' lang='lat' dir='ltr'><strong>et</strong></span> <span class='ocrx_word' id='word_1_125' title='bbox 964 2252 1081 2317; x_wconf 89' lang='lat' dir='ltr'><strong>magna</strong></span> <span class='ocrx_word' id='word_1_126' title='bbox 1101 2231 1175 2299; x_wconf 85' lang='lat' dir='ltr'><strong>fidei</strong></span> <span class='ocrx_word' id='word_1_127' title='bbox 1197 2233 1374 2299; x_wconf 79' lang='lat' dir='ltr'><strong>mustantia</strong></span> <span class='ocrx_word' id='word_1_128' title='bbox 1392 2232 1484 2299; x_wconf 90' lang='lat' dir='ltr'><strong>liono-</strong></span> 
     </span>
     <span class='ocr_line' id='line_1_18' title="bbox 322 2348 1484 2436; baseline -0.003 -19"><span class='ocrx_word' id='word_1_129' title='bbox 322 2371 391 2419; x_wconf 88' lang='lat' dir='ltr'><strong>rsm</strong></span> <span class='ocrx_word' id='word_1_130' title='bbox 412 2350 575 2435; x_wconf 89' lang='lat' dir='ltr'><strong>utriusque</strong></span> <span class='ocrx_word' id='word_1_131' title='bbox 597 2349 679 2415; x_wconf 89' lang='lat' dir='ltr'><strong>tueri</strong></span> <span class='ocrx_word' id='word_1_132' title='bbox 702 2354 733 2415; x_wconf 92' lang='lat' dir='ltr'><strong>et</strong></span> <span class='ocrx_word' id='word_1_133' title='bbox 754 2368 939 2436; x_wconf 88' lang='lat' dir='ltr'><strong>promovere</strong></span> <span class='ocrx_word' id='word_1_134' title='bbox 962 2353 1097 2433; x_wconf 90' lang='lat' dir='ltr'><strong>satagas.</strong></span> <span class='ocrx_word' id='word_1_135' title='bbox 1132 2348 1268 2416; x_wconf 87' lang='lat' dir='ltr'><strong>Proinde</strong></span> <span class='ocrx_word' id='word_1_136' title='bbox 1291 2348 1484 2416; x_wconf 82' lang='lat' dir='ltr'><strong>discretionis</strong></span> 
     </span>
     <span class='ocr_line' id='line_1_19' title="bbox 322 2463 1485 2553; baseline -0.001 -20"><span class='ocrx_word' id='word_1_137' title='bbox 322 2473 395 2533; x_wconf 90' lang='lat' dir='ltr'><strong>tuae</strong></span> <span class='ocrx_word' id='word_1_138' title='bbox 418 2466 585 2533; x_wconf 87' lang='lat' dir='ltr'><strong>eonsilium</strong></span> <span class='ocrx_word' id='word_1_139' title='bbox 608 2465 646 2532; x_wconf 92' lang='lat' dir='ltr'><strong>ds</strong></span> <span class='ocrx_word' id='word_1_140' title='bbox 669 2465 952 2531; x_wconf 81' lang='lat' dir='ltr'><strong>amministratione</strong></span> <span class='ocrx_word' id='word_1_141' title='bbox 974 2466 1078 2550; x_wconf 89' lang='lat' dir='ltr'><strong>regni,</strong></span> <span class='ocrx_word' id='word_1_142' title='bbox 1102 2466 1141 2532; x_wconf 94' lang='lat' dir='ltr'><strong>de</strong></span> <span class='ocrx_word' id='word_1_143' title='bbox 1162 2486 1241 2553; x_wconf 89' lang='lat' dir='ltr'><strong>pace</strong></span> <span class='ocrx_word' id='word_1_144' title='bbox 1262 2463 1427 2551; x_wconf 85' lang='lat' dir='ltr'><strong>firmanda,</strong></span> <span class='ocrx_word' id='word_1_145' title='bbox 1449 2464 1485 2532; x_wconf 87' lang='lat' dir='ltr'><strong>de</strong></span> 
     </span>
     <span class='ocr_line' id='line_1_20' title="bbox 322 2580 1484 2670; baseline -0.002 -21"><span class='ocrx_word' id='word_1_146' title='bbox 322 2583 518 2670; x_wconf 88' lang='lat' dir='ltr'><strong>principibus</strong></span> <span class='ocrx_word' id='word_1_147' title='bbox 539 2580 728 2670; x_wconf 88' lang='lat' dir='ltr'><strong>recipiendis</strong></span> <span class='ocrx_word' id='word_1_148' title='bbox 752 2585 785 2647; x_wconf 90' lang='lat' dir='ltr'><strong>et</strong></span> <span class='ocrx_word' id='word_1_149' title='bbox 805 2580 996 2647; x_wconf 92' lang='lat' dir='ltr'><strong>honorandis</strong></span> <span class='ocrx_word' id='word_1_150' title='bbox 1018 2587 1086 2648; x_wconf 89' lang='lat' dir='ltr'><strong>tota</strong></span> <span class='ocrx_word' id='word_1_151' title='bbox 1108 2582 1207 2648; x_wconf 89' lang='lat' dir='ltr'><strong>animi</strong></span> <span class='ocrx_word' id='word_1_152' title='bbox 1229 2581 1391 2649; x_wconf 78' lang='lat' dir='ltr'><strong>alacritate</strong></span> <span class='ocrx_word' id='word_1_153' title='bbox 1406 2602 1484 2648; x_wconf 89' lang='lat' dir='ltr'><strong>coni-</strong></span> 
     </span>
     <span class='ocr_line' id='line_1_21' title="bbox 322 2695 1484 2787; baseline -0.002 -20"><span class='ocrx_word' id='word_1_154' title='bbox 322 2698 499 2787; x_wconf 83' lang='lat' dir='ltr'><strong>plectimur,</strong></span> <span class='ocrx_word' id='word_1_155' title='bbox 522 2704 555 2766; x_wconf 91' lang='lat' dir='ltr'><strong>et</strong></span> <span class='ocrx_word' id='word_1_156' title='bbox 575 2704 641 2765; x_wconf 91' lang='lat' dir='ltr'><strong>tam</strong></span> <span class='ocrx_word' id='word_1_157' title='bbox 664 2695 698 2762; x_wconf 92' lang='lat' dir='ltr'><strong>in</strong></span> <span class='ocrx_word' id='word_1_158' title='bbox 720 2696 768 2763; x_wconf 89' lang='lat' dir='ltr'><strong>his</strong></span> <span class='ocrx_word' id='word_1_159' title='bbox 793 2717 887 2781; x_wconf 89' lang='lat' dir='ltr'><strong>quam</strong></span> <span class='ocrx_word' id='word_1_160' title='bbox 909 2698 942 2763; x_wconf 94' lang='lat' dir='ltr'><strong>in</strong></span> <span class='ocrx_word' id='word_1_161' title='bbox 966 2696 1035 2763; x_wconf 88' lang='lat' dir='ltr'><strong>aliis</strong></span> <span class='ocrx_word' id='word_1_162' title='bbox 1058 2697 1245 2783; x_wconf 85' lang='lat' dir='ltr'><strong>prudentiae</strong></span> <span class='ocrx_word' id='word_1_163' title='bbox 1266 2704 1339 2765; x_wconf 90' lang='lat' dir='ltr'><strong>tuae</strong></span> <span class='ocrx_word' id='word_1_164' title='bbox 1353 2696 1484 2765; x_wconf 88' lang='lat' dir='ltr'><strong>familia·</strong></span> 
     </span>
     <span class='ocr_line' id='line_1_22' title="bbox 322 2810 1485 2899; baseline -0.002 -17"><span class='ocrx_word' id='word_1_165' title='bbox 322 2836 390 2883; x_wconf 92' lang='lat' dir='ltr'><strong>rem</strong></span> <span class='ocrx_word' id='word_1_166' title='bbox 419 2816 595 2883; x_wconf 87' lang='lat' dir='ltr'><strong>doctrinam</strong></span> <span class='ocrx_word' id='word_1_167' title='bbox 617 2813 737 2880; x_wconf 83' lang='lat' dir='ltr'><strong>imitari</strong></span> <span class='ocrx_word' id='word_1_168' title='bbox 759 2812 983 2880; x_wconf 85' lang='lat' dir='ltr'><strong>desideramus.</strong></span> <span class='ocrx_word' id='word_1_169' title='bbox 1073 2810 1329 2882; x_wconf 77' lang='lat' dir='ltr'><strong>Ambulatorem¹</strong></span> <span class='ocrx_word' id='word_1_170' title='bbox 1350 2836 1442 2899; x_wconf 84' lang='lat' dir='ltr'><strong>vero,</strong></span> <span class='ocrx_word' id='word_1_171' title='bbox 1468 2814 1485 2880; x_wconf 83' lang='lat' dir='ltr'><strong>t</strong></span> 
     </span>
     <span class='ocr_line' id='line_1_23' title="bbox 324 2930 1484 3016; baseline 0 -19"><span class='ocrx_word' id='word_1_172' title='bbox 324 2936 379 2997; x_wconf 89' lang='lat' dir='ltr'><strong>tua</strong></span> <span class='ocrx_word' id='word_1_173' title='bbox 399 2930 587 2999; x_wconf 87' lang='lat' dir='ltr'><strong>liberalitate</strong></span> <span class='ocrx_word' id='word_1_174' title='bbox 608 2930 700 2998; x_wconf 91' lang='lat' dir='ltr'><strong>nobis</strong></span> <span class='ocrx_word' id='word_1_175' title='bbox 723 2930 955 3013; x_wconf 79' lang='lat' dir='ltr'><strong>transmissum,</strong></span> <span class='ocrx_word' id='word_1_176' title='bbox 977 2930 1011 2996; x_wconf 93' lang='lat' dir='ltr'><strong>iii</strong></span> <span class='ocrx_word' id='word_1_177' title='bbox 1029 2932 1214 2998; x_wconf 91' lang='lat' dir='ltr'><strong>memoriam</strong></span> <span class='ocrx_word' id='word_1_178' title='bbox 1229 2938 1262 2999; x_wconf 89' lang='lat' dir='ltr'><strong>et</strong></span> <span class='ocrx_word' id='word_1_179' title='bbox 1275 2931 1403 3016; x_wconf 90' lang='lat' dir='ltr'><strong>signum</strong></span> <span class='ocrx_word' id='word_1_180' title='bbox 1416 2935 1484 2997; x_wconf 88' lang='lat' dir='ltr'><strong>tuae</strong></span> 
     </span>
     <span class='ocr_line' id='line_1_24' title="bbox 323 3042 1115 3114; baseline -0.001 0"><span class='ocrx_word' id='word_1_181' title='bbox 323 3046 498 3114; x_wconf 88' lang='lat' dir='ltr'><strong>dilectionis</strong></span> <span class='ocrx_word' id='word_1_182' title='bbox 522 3047 562 3114; x_wconf 89' lang='lat' dir='ltr'><strong>ad</strong></span> <span class='ocrx_word' id='word_1_183' title='bbox 584 3042 712 3113; x_wconf 85' lang='lat' dir='ltr'><strong>sellam²</strong></span> <span class='ocrx_word' id='word_1_184' title='bbox 733 3052 875 3113; x_wconf 89' lang='lat' dir='ltr'><strong>nostram</strong></span> <span class='ocrx_word' id='word_1_185' title='bbox 897 3045 1115 3114; x_wconf 88' lang='lat' dir='ltr'><strong>detinebimus.</strong></span> 
     </span>
    </p>
   </div>
   <div class='ocr_carea' id='block_1_8' title="bbox 324 3318 1484 3413">
    <p class='ocr_par' dir='ltr' id='par_1_9' title="bbox 324 3318 1484 3413">
     <span class='ocr_line' id='line_1_25' title="bbox 324 3318 1484 3413; baseline 0 -22"><span class='ocrx_word' id='word_1_186' title='bbox 324 3318 388 3391; x_wconf 78' lang='lat'><strong>42.</strong></span> <span class='ocrx_word' id='word_1_187' title='bbox 411 3320 576 3388; x_wconf 73' lang='lat' dir='ltr'><strong>Heioricaa</strong></span> <span class='ocrx_word' id='word_1_188' title='bbox 590 3322 804 3388; x_wconf 82' lang='lat' dir='ltr'><strong>Romanorum</strong></span> <span class='ocrx_word' id='word_1_189' title='bbox 824 3346 882 3389; x_wconf 72' lang='lat' dir='ltr'><strong>rec</strong></span> <span class='ocrx_word' id='word_1_190' title='bbox 895 3322 1073 3411; x_wconf 72' lang='lat' dir='ltr'><strong>Eugenium</strong></span> <span class='ocrx_word' id='word_1_191' title='bbox 1087 3323 1270 3413; x_wconf 84' lang='lat' dir='ltr'><strong>HIpupom</strong></span> <span class='ocrx_word' id='word_1_192' title='bbox 1279 3328 1484 3412; x_wconf 72' lang='lat' dir='ltr'><strong>patrocinium</strong></span> 
     </span>
    </p>
   </div>
   <div class='ocr_carea' id='block_1_9' title="bbox 414 3437 1482 3528">
    <p class='ocr_par' dir='ltr' id='par_1_10' title="bbox 414 3437 1482 3528">
     <span class='ocr_line' id='line_1_26' title="bbox 414 3437 1482 3528; baseline 0.004 -25"><span class='ocrx_word' id='word_1_193' title='bbox 414 3437 574 3528; x_wconf 71' lang='lat' dir='ltr'><strong>efflupttat.</strong></span> <span class='ocrx_word' id='word_1_194' title='bbox 1350 3439 1482 3521; x_wconf 76' lang='lat' dir='ltr'><strong>(mcc.)</strong></span> 
     </span>
    </p>
   </div>
   <div class='ocr_carea' id='block_1_10' title="bbox 216 3570 1482 3696">
    <p class='ocr_par' dir='ltr' id='par_1_11' title="bbox 216 3570 1482 3696">
     <span class='ocr_line' id='line_1_27' title="bbox 216 3570 1482 3696; baseline 0.002 -61.029"><span class='ocrx_word' id='word_1_195' title='bbox 216 3572 309 3696; x_wconf 55' lang='grc'><strong>11147</strong></span> <span class='ocrx_word' id='word_1_196' title='bbox 412 3570 623 3639; x_wconf 83' lang='lat' dir='ltr'><strong>Reverendo</strong></span> <span class='ocrx_word' id='word_1_197' title='bbox 614 3592 648 3638; x_wconf 93' lang='lat' dir='ltr'><strong>in</strong></span> <span class='ocrx_word' id='word_1_198' title='bbox 667 3570 794 3639; x_wconf 82' lang='lat' dir='ltr'><strong>Christo</strong></span> <span class='ocrx_word' id='word_1_199' title='bbox 813 3572 900 3658; x_wconf 86' lang='lat' dir='ltr'><strong>patri</strong></span> <span class='ocrx_word' id='word_1_200' title='bbox 921 3578 953 3640; x_wconf 88' lang='lat' dir='ltr'><strong>et</strong></span> <span class='ocrx_word' id='word_1_201' title='bbox 975 3572 1102 3640; x_wconf 88' lang='lat' dir='ltr'><strong>domino</strong></span> <span class='ocrx_word' id='word_1_202' title='bbox 1121 3593 1179 3641; x_wconf 91' lang='lat' dir='ltr'><strong>suo</strong></span> <span class='ocrx_word' id='word_1_203' title='bbox 1198 3574 1343 3659; x_wconf 88' lang='lat' dir='ltr'><strong>Eugenio</strong></span> <span class='ocrx_word' id='word_1_204' title='bbox 1366 3591 1482 3642; x_wconf 89' lang='lat' dir='ltr'><strong>summo</strong></span> 
     </span>
    </p>
   </div>
   <div class='ocr_carea' id='block_1_11' title="bbox 253 3660 1483 3889">
    <p class='ocr_par' dir='ltr' id='par_1_12' title="bbox 253 3660 1483 3889">
     <span class='ocr_line' id='line_1_28' title="bbox 253 3660 1483 3776; baseline 0.002 -21.124"><span class='ocrx_word' id='word_1_205' title='bbox 253 3660 358 3755; x_wconf 62' lang='lat' dir='ltr'><strong>&#39;met</strong></span> <span class='ocrx_word' id='word_1_206' title='bbox 388 3686 559 3755; x_wconf 81' lang='lat' dir='ltr'><strong>universali</strong></span> <span class='ocrx_word' id='word_1_207' title='bbox 590 3685 732 3776; x_wconf 86' lang='lat' dir='ltr'><strong>pontifici</strong></span> <span class='ocrx_word' id='word_1_208' title='bbox 758 3686 937 3755; x_wconf 84' lang='lat' dir='ltr'><strong>lleinrieus·</strong></span> <span class='ocrx_word' id='word_1_209' title='bbox 958 3688 1020 3757; x_wconf 89' lang='lat' dir='ltr'><strong>Dei</strong></span> <span class='ocrx_word' id='word_1_210' title='bbox 1051 3690 1156 3773; x_wconf 72' lang='lat' dir='ltr'><strong>gradu</strong></span> <span class='ocrx_word' id='word_1_211' title='bbox 1186 3690 1402 3759; x_wconf 80' lang='lat' dir='ltr'><strong>Romamomm</strong></span> <span class='ocrx_word' id='word_1_212' title='bbox 1431 3709 1483 3757; x_wconf 86' lang='lat' dir='ltr'><strong>rex</strong></span> 
     </span>
     <span class='ocr_line' id='line_1_29' title="bbox 325 3802 1106 3889; baseline 0.003 -18"><span class='ocrx_word' id='word_1_213' title='bbox 325 3803 448 3872; x_wconf 87' lang='lat' dir='ltr'><strong>debitae</strong></span> <span class='ocrx_word' id='word_1_214' title='bbox 470 3802 645 3871; x_wconf 82' lang='lat' dir='ltr'><strong>dilectionis</strong></span> <span class='ocrx_word' id='word_1_215' title='bbox 667 3810 701 3870; x_wconf 92' lang='lat' dir='ltr'><strong>et</strong></span> <span class='ocrx_word' id='word_1_216' title='bbox 721 3802 864 3889; x_wconf 84' lang='lat' dir='ltr'><strong>obsequii</strong></span> <span class='ocrx_word' id='word_1_217' title='bbox 884 3805 1106 3873; x_wconf 87' lang='lat' dir='ltr'><strong>sinceritatem</strong></span> 
     </span>
    </p>
   </div>
   <div class='ocr_carea' id='block_1_12' title="bbox 324 3918 1482 4363">
    <p class='ocr_par' dir='ltr' id='par_1_13' title="bbox 324 3918 1482 4363">
     <span class='ocr_line' id='line_1_30' title="bbox 412 3918 1482 4005; baseline 0.003 -18"><span class='ocrx_word' id='word_1_218' title='bbox 412 3918 598 3987; x_wconf 89' lang='lat' dir='ltr'><strong>Benedictus</strong></span> <span class='ocrx_word' id='word_1_219' title='bbox 613 3918 710 4003; x_wconf 90' lang='lat' dir='ltr'><strong>Dens,</strong></span> <span class='ocrx_word' id='word_1_220' title='bbox 733 3920 789 4005; x_wconf 91' lang='lat' dir='ltr'><strong>qui</strong></span> <span class='ocrx_word' id='word_1_221' title='bbox 811 3920 986 3987; x_wconf 63' lang='lat' dir='ltr'><strong>sanotimtis</strong></span> <span class='ocrx_word' id='word_1_222' title='bbox 1008 3928 1132 3990; x_wconf 70' lang='lat' dir='ltr'><strong>iosuae</strong></span> <span class='ocrx_word' id='word_1_223' title='bbox 1152 3924 1377 3993; x_wconf 87' lang='lat' dir='ltr'><strong>discretionem</strong></span> <span class='ocrx_word' id='word_1_224' title='bbox 1394 3926 1429 3993; x_wconf 90' lang='lat' dir='ltr'><strong>in</strong></span> <span class='ocrx_word' id='word_1_225' title='bbox 1440 3923 1482 3991; x_wconf 85' lang='lat' dir='ltr'><strong>ol·</strong></span> 
     </span>
     <span class='ocr_line' id='line_1_31' title="bbox 324 4034 1482 4128; baseline 0.006 -25"><span class='ocrx_word' id='word_1_226' title='bbox 324 4034 429 4103; x_wconf 83' lang='lat' dir='ltr'><strong>ficium</strong></span> <span class='ocrx_word' id='word_1_227' title='bbox 457 4039 491 4102; x_wconf 84' lang='lat' dir='ltr'><strong>et</strong></span> <span class='ocrx_word' id='word_1_228' title='bbox 514 4034 779 4123; x_wconf 89' lang='lat' dir='ltr'><strong>dispensationem</strong></span> <span class='ocrx_word' id='word_1_229' title='bbox 801 4038 918 4103; x_wconf 90' lang='lat' dir='ltr'><strong>summi</strong></span> <span class='ocrx_word' id='word_1_230' title='bbox 938 4035 1139 4124; x_wconf 82' lang='lat' dir='ltr'><strong>pontificatus</strong></span> <span class='ocrx_word' id='word_1_231' title='bbox 1160 4061 1322 4109; x_wconf 76' lang='lat' dir='ltr'><strong>assumam</strong></span> <span class='ocrx_word' id='word_1_232' title='bbox 1342 4042 1482 4128; x_wconf 64' lang='grc' dir='ltr'><strong>ὥςιιιιῒιιι</strong></span> 
     </span>
     <span class='ocr_line' id='line_1_32' title="bbox 326 4150 1481 4240; baseline 0.008 -21"><span class='ocrx_word' id='word_1_233' title='bbox 326 4158 383 4219; x_wconf 82' lang='lat' dir='ltr'><strong>est</strong></span> <span class='ocrx_word' id='word_1_234' title='bbox 417 4150 577 4219; x_wconf 77' lang='lat' dir='ltr'><strong>Iustitiam</strong></span> <span class='ocrx_word' id='word_1_235' title='bbox 597 4152 681 4219; x_wconf 92' lang='lat' dir='ltr'><strong>enim</strong></span> <span class='ocrx_word' id='word_1_236' title='bbox 695 4157 728 4218; x_wconf 88' lang='lat' dir='ltr'><strong>et</strong></span> <span class='ocrx_word' id='word_1_237' title='bbox 741 4151 918 4236; x_wconf 58' lang='lat' dir='ltr'><strong>sedatam,</strong></span> <span class='ocrx_word' id='word_1_238' title='bbox 932 4153 1015 4220; x_wconf 91' lang='lat' dir='ltr'><strong>sicut</strong></span> <span class='ocrx_word' id='word_1_239' title='bbox 1027 4154 1168 4239; x_wconf 88' lang='lat' dir='ltr'><strong>religiosi</strong></span> <span class='ocrx_word' id='word_1_240' title='bbox 1181 4156 1222 4223; x_wconf 92' lang='lat' dir='ltr'><strong>de</strong></span> <span class='ocrx_word' id='word_1_241' title='bbox 1234 4157 1325 4226; x_wconf 84' lang='lat' dir='ltr'><strong>uobis</strong></span> <span class='ocrx_word' id='word_1_242' title='bbox 1339 4160 1481 4240; x_wconf 76' lang='lat' dir='ltr'><strong>senfiunl,</strong></span> 
     </span>
     <span class='ocr_line' id='line_1_33' title="bbox 326 4266 1480 4363; baseline 0.009 -29"><span class='ocrx_word' id='word_1_243' title='bbox 326 4266 466 4353; x_wconf 70' lang='lat' dir='ltr'><strong>diligitis</strong></span> <span class='ocrx_word' id='word_1_244' title='bbox 489 4272 522 4335; x_wconf 87' lang='lat' dir='ltr'><strong>et</strong></span> <span class='ocrx_word' id='word_1_245' title='bbox 543 4287 623 4355; x_wconf 86' lang='lat' dir='ltr'><strong>quae</strong></span> <span class='ocrx_word' id='word_1_246' title='bbox 645 4267 687 4335; x_wconf 91' lang='lat' dir='ltr'><strong>ad</strong></span> <span class='ocrx_word' id='word_1_247' title='bbox 708 4266 852 4335; x_wconf 82' lang='lat' dir='ltr'><strong>decorem</strong></span> <span class='ocrx_word' id='word_1_248' title='bbox 873 4268 984 4336; x_wconf 91' lang='lat' dir='ltr'><strong>domus</strong></span> <span class='ocrx_word' id='word_1_249' title='bbox 1001 4268 1063 4337; x_wconf 84' lang='lat' dir='ltr'><strong>Dei</strong></span> <span class='ocrx_word' id='word_1_250' title='bbox 1083 4278 1240 4360; x_wconf 60' lang='lat' dir='ltr'><strong>spectant</strong></span> <span class='ocrx_word' id='word_1_251' title='bbox 1262 4274 1397 4343; x_wconf 86' lang='lat' dir='ltr'><strong>sollicite</strong></span> <span class='ocrx_word' id='word_1_252' title='bbox 1416 4293 1480 4363; x_wconf 87' lang='lat' dir='ltr'><strong>per·</strong></span> 
     </span>
    </p>
   </div>
   <div class='ocr_carea' id='block_1_13' title="bbox 397 4398 1006 4471">
    <p class='ocr_par' dir='ltr' id='par_1_14' title="bbox 397 4398 1006 4471">
     <span class='ocr_line' id='line_1_34' title="bbox 397 4398 1006 4471; baseline 0 0"><span class='ocrx_word' id='word_1_253' title='bbox 397 4398 421 4453; x_wconf 63' lang='lat' dir='ltr'>L</span> <span class='ocrx_word' id='word_1_254' title='bbox 439 4413 540 4471; x_wconf 58' lang='lat' dir='ltr'><strong>quin</strong></span> <span class='ocrx_word' id='word_1_255' title='bbox 555 4398 722 4471; x_wconf 58' lang='grc' dir='ltr'><strong>ΜΝ·</strong></span> <span class='ocrx_word' id='word_1_256' title='bbox 791 4398 818 4453; x_wconf 74' lang='lat'>²</span> <span class='ocrx_word' id='word_1_257' title='bbox 835 4398 1006 4471; x_wconf 63' lang='lat' dir='ltr'><strong>manuum.</strong></span> 
     </span>
    </p>
   </div>
   <div class='ocr_carea' id='block_1_14' title="bbox 0 0 1572 4859">
    <p class='ocr_par' dir='ltr' id='par_1_15' title="bbox 0 0 1572 4859">
     <span class='ocr_line' id='line_1_35' title="bbox 0 0 1572 4859; baseline 0 0"><span class='ocrx_word' id='word_1_258' title='bbox 0 0 1572 4859; x_wconf 95' lang='lat' dir='ltr'><strong> </strong></span> 
     </span>
    </p>
   </div>
  </div>
 </body>
</html>
