3117 4859
440 254 590 305 wmarnr
610 252 777 305 mussona
799 253 854 303 aro.
1162 237 1229 305 407

55 400 181 469 nientes
207 399 315 486 itaque
343 396 505 467 Coloniam
533 398 575 465 sd
596 396 808 465 venerabilem
834 396 1058 466 cancellarium
1078 402 1229 485 vestrum,
1248 404 1320 461 1150

54 517 157 585 multa
180 515 379 585 familiariter
400 535 438 583 oe
460 514 627 599 diligenter
649 514 838 581 oontnlimns
856 515 896 583 de
910 514 1124 604 oportunitate
1137 514 1229 582 itine-
1254 479 1312 539 Μ’

54 635 97 703 ris
119 635 235 719 nosti,
258 633 297 701 de
318 632 457 699 utilitate
477 631 645 717 legationis
667 637 810 715 nostrae3
833 636 865 699 et
880 652 946 699 non
959 631 1125 699 ridebatur
1139 630 1230 698 nobis

53 770 110 841 pro
138 750 300 839 parvitate
326 749 428 817 nostri
448 749 583 835 ingenii,
612 748 696 835 quod
718 749 809 815 iuxta
830 748 1015 835 qualitatem
1035 748 1129 815 huius
1150 752 1230 814 tem·

53 868 140 955 poris
169 871 203 935 et
224 886 331 936 rerum
352 870 531 933 uestrarum
553 869 671 932 statum
692 864 752 933 hoe
773 871 915 954 tempore
937 865 1019 933 hane
1040 865 1231 951 legationem

53 981 121 1051 fieri
145 987 316 1071 oporteret,
338 983 478 1051 maxime
500 1002 570 1049 oum
591 982 747 1049 incertum
762 982 815 1067 sit,
838 982 988 1069 quidnam
1003 1003 1111 1050 rerum
1125 1003 1230 1051 eomes

52 1099 238 1167 Alexander
259 1099 299 1167 de
321 1094 478 1167 Gravins¹
500 1098 540 1166 ab
562 1099 753 1185 imperatore
776 1097 949 1167 Greoorum
970 1099 1098 1167 referat
1132 1099 1170 1167 ln
1191 1120 1231 1167 ea

53 1215 150 1301 igitur
174 1217 258 1284 serie
280 1214 445 1283 collatione
467 1234 557 1301 eum,
584 1215 660 1302 quid
680 1214 794 1283 melius
816 1216 900 1283 inter
922 1217 1030 1285 omnis
1051 1220 1149 1301 esset,
1173 1215 1229 1282 eli·

53 1351 125 1417 gere
147 1336 388 1419 temptaremus,
412 1332 590 1399 audirimus
613 1332 634 1399 a
655 1338 760 1401 vestro
782 1332 982 1419 osneellmio,
1005 1334 1089 1421 quod
1105 1338 1230 1401 vestrae

53 1448 226 1519 uoluntatis
249 1454 346 1537 esset,
369 1453 406 1516 ut
426 1450 544 1517 nostris
565 1450 704 1537 propriis
726 1451 905 1539 sumptibus
928 1451 1017 1519 robis
1039 1451 1074 1518 in
1095 1450 1156 1518 boe
1176 1450 1229 1517 iti-

54 1586 127 1635 nere
149 1566 350 1635 serviremus.
396 1565 531 1651 Verum,
559 1565 802 1634 clementissime
824 1567 1013 1657 imperator,
1039 1568 1119 1636 bene
1140 1568 1230 1635 norit

53 1688 158 1751 restra
181 1683 384 1753 serenissime
404 1683 564 1769 maiestas,
587 1683 670 1770 qnod
693 1684 713 1751 a
733 1684 891 1771 prinoipio
913 1685 1041 1773 imperii
1056 1684 1154 1753 vestri
1169 1705 1229 1773 pu-

54 1799 141 1869 blieis
163 1800 325 1869 laboribus
348 1801 464 1867 vestris
485 1820 648 1887 nunqnam
670 1800 843 1888 defnimus,
871 1808 920 1869 set
948 1807 1016 1869 tam
1036 1802 1072 1869 in
1093 1821 1230 1889 persons

54 1936 146 2003 quam
168 1918 204 1985 in
226 1917 404 1987 substantie
417 1917 580 1985 vobisoum
602 1938 738 2005 semper,
761 1922 795 1985 et
813 1938 873 2007 pro
895 1919 985 1986 vobis
1007 1920 1126 2005 absque
1140 1920 1229 1987 vobis

54 2033 243 2121 frequenter,
265 2055 331 2102 non
347 2035 416 2102 sine
430 2034 520 2121 gravi
535 2054 675 2122 expense
687 2034 911 2119 militavimus3
935 2036 1018 2123 quod
1034 2037 1131 2104 etiam
1145 2056 1230 2105 nuno

55 2150 153 2221 lasere
184 2151 453 2239 desideraremus,
481 2152 509 2221 si
536 2151 674 2220 tenuitas
701 2172 810 2220 rerum
835 2158 1017 2221 nostrarum
1045 2152 1229 2221 ullomodo

54 2274 223 2355 pateretur.
255 2267 319 2337 Sed
340 2288 415 2337 oum
434 2269 468 2337 in
489 2268 632 2359 pertibus
648 2266 805 2337 Senoniae
827 2289 885 2356 per
906 2275 1009 2337 totum
1029 2270 1095 2338 fere
1111 2290 1228 2338 annum

54 2385 185 2471 gaudes
221 2406 376 2474 expensas
409 2390 541 2475 propter
574 2391 754 2453 nostrorum
782 2386 1010 2454 dissensionem
1039 2391 1072 2453 et
1097 2387 1228 2474 rapinas

55 2499 188 2571 liderioi
210 2502 250 2571 de
271 2501 439 2589 Rikelinge
460 2503 637 2588 fecerimus,
664 2502 751 2569 nullo
774 2503 879 2589 modo,
902 2503 993 2569 iuxta
1013 2504 1151 2571 nominis
1173 2524 1228 2572 νο-

56 2619 110 2687 stri
131 2619 353 2689 excellentiam
376 2626 408 2688 et
429 2619 523 2687 buius
545 2619 712 2707 legationis
734 2618 876 2706 pondus,
905 2617 1044 2687 officium
1066 2620 1126 2687 hoo
1148 2621 1228 2687 arri-

56 2754 125 2821 pere
157 2737 331 2826 potuimns.
381 2736 454 2805 Non
485 2737 593 2823 itaque
625 2736 808 2821 indignetur
841 2736 967 2804 bonitas
995 2740 1104 2803 vestre
1135 2737 1227 2807 nobis

56 2850 222 2923 humilibus
244 2853 371 2921 famulis
387 2854 511 2939 vestris,
535 2873 659 2941 semper
673 2857 706 2920 et
718 2852 837 2939 ubique
850 2854 891 2919 od
906 2853 1072 2921 servitium
1086 2858 1228 2923 vestrum
1367 2892 1376 2905 ·

56 2971 186 3057 paretis,
216 2971 244 3039 si
268 2970 329 3038 boo
352 2971 446 3038 modo
468 2990 533 3037 non
554 2969 738 3058 implemus,
767 2968 853 3057 quod
873 2969 1006 3058 implere
1027 2991 1227 3057 nequaquam

57 3084 233 3156 ruffinianus.
268 3086 325 3155 Set
346 3108 419 3155 oum
440 3087 492 3156 rel
513 3086 598 3155 solus
621 3085 827 3154 esneellarius
845 3084 896 3153 rel
917 3106 990 3154 oum
1012 3106 1050 3156 eo
1072 3086 1226 3155 Constan-

56 3200 178 3273 tiensis¹
200 3204 251 3274 vel
271 3200 475 3273 Besiliensis⁸
498 3204 549 3272 vel
570 3200 822 3272 beusennensis‘
843 3203 903 3270 hae
923 3203 1082 3289 legatione
1103 3206 1227 3292 possint

58 3324 125 3407 apte
145 3322 252 3409 iungi,
278 3342 337 3390 nos
361 3322 443 3391 bona
464 3322 558 3390 venia
581 3322 740 3407 quiesoere
763 3326 797 3389 et
817 3325 965 3409 suseepta
986 3322 1103 3389 damna
1123 3344 1226 3390 resar-

57 3435 116 3505 dre
139 3438 343 3528 permittetis.
388 3438 471 3506 Nam
494 3438 579 3526 spud
601 3437 766 3507 Gorbeiam
789 3438 829 3505 de
850 3438 946 3506 verbo
968 3443 1152 3526 sumptuum
1172 3440 1225 3507 iti-

57 3554 145 3641 nem,
169 3556 190 3624 d
210 3556 368 3624 nobismet
388 3556 468 3643 ipsis
490 3555 525 3622 in
547 3555 607 3623 hao
627 3554 786 3641 legatione
808 3554 1067 3643 exhibendorum,
1089 3576 1148 3624 noo
1166 3577 1226 3644 per

58 3666 172 3742 litteras
195 3678 317 3742 vestras
338 3692 398 3741 nee
419 3692 478 3761 per
498 3672 650 3741 nnnoium
672 3671 791 3758 aliquid
812 3671 1036 3741 intelleximus.

138 3790 189 3858 De
203 3790 361 3859 llindensi
384 3786 548 3878 episeopo⁵
569 3788 754 3877 suppliciter
776 3808 955 3874 exoremus,
977 3795 1015 3856 ut
1036 3789 1067 3857 ei
1087 3788 1223 3874 gratiam

59 3910 190 3977 seuam
210 3908 399 3977 oonoedatis.

123 4066 146 4121 1.
164 4066 201 4125 V.
218 4066 328 4137 epam
346 4080 430 4136 supra
446 4079 474 4135 p.
487 4062 548 4120 365.
620 4064 647 4120 2.
668 4062 843 4122 Hermannus
860 4078 904 4135 ep.
975 4064 1002 4121 3.
1019 4060 1159 4120 Ortliebus
1176 4076 1219 4132 ep.

60 4146 237 4214 thadeus
253 4170 299 4227 ep.
370 4156 398 4213 5.
415 4153 557 4213 Heinrleo.
