3117 4859
330 258 397 327 404
664 272 815 323 wmaunr
835 271 1021 322 maronae
1041 271 1096 319 ππ.
1111 270 1165 319 ars.

222 425 292 512 Inoo
328 419 448 506 gratiae
477 421 508 485 et
535 416 758 486 dominationis
786 421 910 485 vestrae
937 415 1128 484 transmitto.
1221 411 1430 482 Theudoria!
1453 410 1489 479 de

203 500 260 549 ¹⁸¹¹⁰
277 516 310 548 ⁶⁸
326 537 484 621 arenga·
513 536 548 603 in
575 536 736 624 praenes
763 534 872 602 comm
892 532 976 618 rega
999 533 1039 601 ue
1058 531 1191 617 musa,
1221 550 1316 618 quan
1338 530 1427 598 voss
1446 529 1490 595 a·

326 654 414 740 tulit‚
443 654 582 739 graviter
603 652 747 741 pulsatus
770 656 803 719 et
824 671 845 717 a
865 670 940 736 rege
962 650 1097 717 multum
1117 650 1316 737 increpatus,
1341 646 1491 735 promisit,

325 776 362 839 ut
389 791 448 860 pro
476 775 621 859 respectu
648 770 769 856 gratiae
791 773 915 837 vestrae
942 767 1175 856 recuperandae
1200 766 1240 835 de
1262 770 1389 835 caetero
1409 764 1493 832 vobis

326 889 445 958 semire
467 888 552 957 velit.

328 1120 416 1194 278.
435 1122 594 1190 Wtbcldas
615 1119 798 1187 Heinricum
825 1122 1001 1208 episcopato
1023 1119 1216 1187 Mundensem
1240 1140 1345 1183 samm
1364 1118 1497 1205 prutina

437 1239 679 1305 reconcilianda-se
698 1238 823 1325 pendet.
867 1236 1049 1320 Pollicem,
1078 1260 1111 1302 se
1133 1237 1162 1301 εἰ
1184 1246 1213 1302 et
1232 1257 1337 1322 repam
1353 1234 1497 1321 placau-

437 1380 508 1421 rnm
531 1367 559 1422 et
581 1355 669 1443 opud
685 1376 807 1442 popam
823 1352 1029 1442 prosatnmm
1052 1376 1123 1419 csse.
1336 1347 1395 1432 (Μ.
1411 1348 1497 1431 aaa)

413 1488 597 1557 Reverendo
623 1487 658 1553 in
685 1484 812 1555 Christo
839 1487 925 1574 patri
955 1490 987 1554 et
1015 1486 1142 1553 domino
1169 1483 1343 1568 H(einrico)
1374 1489 1498 1570 sancne

253 1638 298 1686 na
325 1606 498 1675 Mindensis
528 1604 696 1672 aecclesiae
723 1603 897 1672 venerabili
925 1604 1072 1692 episcopo
1100 1603 1198 1671 freter
1219 1599 1414 1685 W(ibaldus)
1443 1600 1497 1669 Dei

326 1727 429 1812 gratia
444 1722 641 1791 (lorbeiensis
665 1721 761 1789 abbas
785 1724 915 1807 exiguas
937 1722 1093 1788 orationes
1114 1724 1147 1788 et
1161 1719 1308 1787 devotum
1323 1718 1497 1786 servitium

414 1841 582 1907 Venientes
606 1838 647 1905 ad
668 1858 725 1906 nos
750 1838 857 1906 dilecti
878 1837 936 1905 filii
958 1837 1066 1923 vestri,
1088 1836 1283 1904 uenerabiles
1305 1836 1426 1904 iratres
1447 1856 1498 1903 no·

327 1959 396 2044 stri,
419 1958 551 2025 domnus
566 1956 759 2025 Warnherus
782 1955 912 2023 maioris
935 1953 1104 2023 aecclesiae
1121 1958 1243 2021 vestrm
1264 1954 1499 2041 preposituset

326 2076 477 2161 magister
493 2074 687 2159 counradus,
711 2074 941 2141 nunciaverunt
961 2072 1052 2140 uobis
1070 2070 1293 2159 apaternitate
1307 2075 1421 2138 vestra
1434 2090 1499 2138 ver·

326 2192 403 2260 bum
424 2192 551 2277 bonum
575 2191 707 2259 verbum
722 2190 959 2258 consolationis:
984 2189 1067 2276 quod
1082 2187 1229 2255 uidelicet
1249 2186 1298 2255 ira
1315 2192 1428 2255 restra
1449 2186 1500 2254 ad-

326 2330 453 2377 versum
474 2329 532 2376 nos
546 2328 639 2375 versa
662 2312 745 2375 esset
767 2308 801 2374 in
823 2305 1082 2392 misericordiam,
1106 2310 1138 2373 et
1157 2304 1326 2393 procellam
1340 2306 1500 2371 maximae

273 2430 277 2447 '
327 2425 545 2493 commotionis
567 2424 738 2510 Dominus,
770 2424 825 2511 qui
851 2424 933 2491 mari
959 2423 1096 2510 imperat
1125 2426 1157 2489 et
1179 2422 1280 2489 venbs
1289 2417 1308 2507 ¹,
1337 2422 1500 2489 statuisset

326 2543 360 2611 in
383 2563 492 2610 aurem
499 2540 520 2608 ².
554 2540 680 2609 laetati
695 2541 803 2627 itaquo
821 2562 930 2608 sumus
952 2541 986 2607 in
1008 2538 1069 2627 his,
1093 2560 1154 2626 que
1175 2538 1260 2606 dicta
1282 2544 1358 2606 sunt
1380 2532 1499 2624 nobis¹‚

327 2660 444 2747 quippe
471 2660 526 2745 qui
555 2680 574 2726 a
599 2658 701 2744 longis
729 2663 815 2726 retro
844 2657 1037 2746 temporibus
1063 2656 1218 2725 desiderio
1241 2656 1499 2739 desideravimus,

326 2777 456 2864 probari
477 2797 570 2863 posse
589 2780 712 2843 vestrae
735 2774 923 2843 sublimitati
944 2778 1087 2841 nostram
1109 2774 1320 2840 innocentiam
1342 2778 1499 2840 nostram-

328 2914 388 2979 que
417 2894 501 2960 circa
522 2914 578 2959 vos
607 2898 639 2959 et
665 2892 749 2959 circa
771 2896 914 2958 sanctam
934 2888 1131 2958 blindensem
1154 2890 1338 2958 aecclesiam
1360 2891 1500 2958 dovotio·

326 3030 400 3076 uem
428 3014 460 3076 et
485 3009 703 3076 reuerentiam.
751 3007 912 3094 Siquidem
934 3008 1172 3095 prenominatus
1194 3007 1376 3094 propositus
1398 3014 1501 3075 vater

326 3123 518 3193 Warnherus
546 3124 684 3193 firmavit
710 3124 802 3193 nobis
831 3144 938 3191 coram
964 3124 1116 3192 fratribus
1144 3126 1260 3192 nostris
1283 3129 1316 3191 et
1337 3144 1500 3193 consacer-

328 3241 453 3308 dotibus
482 3247 629 3309 svestra
656 3261 793 3329 persona
821 3245 852 3308 et
880 3240 1049 3308 aecclesiae
1070 3245 1208 3327 vestrae,
1237 3246 1383 3309 conserta
1405 3258 1501 3310 mann

328 3358 434 3424 suain
448 3380 578 3426 manum
592 3363 743 3445 nostram,
767 3358 987 3425 certitudinem
1003 3363 1036 3425 et
1048 3356 1144 3425 fidem
1157 3358 1193 3425 in
1207 3358 1346 3425 animam
1360 3364 1500 3426 vestram

328 3479 361 3541 et
390 3495 494 3541 suam:
526 3476 609 3562 qnod
637 3476 752 3543 fratres
781 3480 923 3560 nostros,
953 3474 1007 3561 qni
1023 3474 1217 3543 ‘Kaminatae
1236 3474 1406 3543 velmede
1429 3480 1502 3543 snut

327 3590 378 3658 rel
400 3593 602 3679 postmodum
623 3592 722 3659 futuri
745 3596 829 3677 sunt,
853 3591 935 3659 sicut
957 3591 1098 3659 subditos
1114 3596 1235 3660 vestros
1258 3597 1290 3660 et
1307 3590 1392 3659 lilios
1405 3591 1501 3680 spiri·

327 3708 428 3775 tuales
452 3708 640 3795 diligeretiS,
667 3680 726 3777 uec
747 3708 838 3776 uobis
861 3708 1032 3795 antipam,
1055 3709 1139 3796 quod
1161 3710 1277 3796 absque
1298 3714 1407 3777 vestra
1427 3729 1501 3797 por·

327 3826 477 3893 missione
499 3828 698 3911 introierunt,
721 3825 761 3893 de
784 3830 887 3893 cetero
911 3826 1127 3912 imputaretis3
1151 3832 1200 3893 set
1222 3846 1274 3893 eos
1292 3831 1326 3893 et
1340 3826 1423 3894 bona
1438 3823 1500 3894 lla·

327 3944 513 4011 minatensis
536 3942 715 4027 aecclesiae,
740 3963 800 4029 que
822 3943 857 4009 iu
879 3948 984 4011 restro
1007 3943 1190 4030 episcopatu
1211 3943 1317 4030 posita
1338 3947 1422 4028 sunt,
1446 3944 1499 4010 de·

327 4059 395 4127 bita
410 4065 442 4127 et
456 4062 606 4127 canonica
618 4058 745 4127 iusticia
758 4060 865 4128 fovere
880 4064 913 4127 et
922 4066 1086 4147 protegere
1098 4065 1350 4128 acmanutencre
1359 4058 1496 4142 velletis3

329 4176 369 4244 de
389 4176 506 4244 iniuria
527 4197 601 4245 vero
624 4182 657 4245 et
678 4176 858 4264 offensione,
881 4197 944 4265 qua
965 4195 1021 4246 ros
1043 4182 1075 4246 et
1097 4176 1281 4247 aecclesiam
1302 4176 1496 4247 llindensem

402 4334 423 4367 a.
444 4319 546 4379 Blsllnga
562 4339 582 4368 c.

400 4406 425 4459 1.
444 4405 541 4461 llatth.
553 4407 579 4475 8,
591 4406 634 4462 26.
706 4408 732 4463 2.
751 4406 931 4476 ramosas.
1002 4408 1205 4480 3.Ps121,1.
