3117 4859
458 279 608 329 wmsnnr
627 278 793 329 sorerem
813 280 852 327 ss
1176 262 1239 331 137

82 426 225 505 ungentur
257 422 396 491 rationes
424 421 596 489 dolornm·.
687 421 794 507 (terte,
830 427 867 489 nt
893 426 1018 491 ceetern
1042 423 1241 491 incommode
1259 426 1330 551 13⁶4?

81 537 236 622 u'leumns,
267 539 357 605 uobis
384 558 545 607 senescere
567 558 631 606 non
652 538 741 622 lieet3
769 540 867 607 innuo
888 540 1079 607 senescimus
1101 540 1238 625 quidem,

80 655 130 722 sod
156 655 261 741 quies,
290 676 370 743 quse
398 655 524 725 senibus
553 661 586 723 et
610 657 750 723 emeritis
771 661 946 743 prestetur,
975 655 1066 723 nobis
1088 633 1239 727 cortei'ee

79 776 215 856 negetur.
249 771 331 839 Novi
352 771 492 857 labores,
520 792 604 839 nors
624 773 795 857 industria,
817 793 901 841 nova
922 772 1116 858 eloquentia,
1138 794 1240 841 neree

78 888 249 974 largitates,
277 907 360 955 nore
385 887 619 973 magnificentie
641 889 772 957 duobis
795 889 910 956 cotidie
932 893 1139 976 expetuntur,
1167 908 1238 956 cnm

77 1004 136 1071 ium
165 1004 220 1071 din
246 1004 373 1089 fatigati
401 1004 539 1090 aliquem
566 1004 709 1073 laborum
736 1010 917 1073 nostrornm
939 1011 1057 1073 metum
1078 1006 1238 1094 prospice-

76 1140 186 1205 remus,
211 1120 350 1207 aliquem
372 1120 593 1205 fatigationum
614 1124 755 1209 requiem
777 1142 985 1209 speraremus.
1020 1121 1087 1188 Aut
1105 1141 1238 1210 peccun-

76 1238 146 1303 dum
178 1243 229 1305 est
261 1239 296 1304 in
328 1257 397 1305 rem
426 1238 585 1325 publicum
614 1245 668 1306 nnt
695 1239 859 1307 hominum
887 1236 1074 1307 offensiones
1102 1239 1238 1306 tolerun-

77 1354 139 1420 duu
174 1355 257 1421 Tum
277 1360 423 1441 pretereo
444 1361 553 1423 nostru
575 1359 676 1423 oetnte
699 1356 800 1423 omnis
821 1355 924 1443 pudor
946 1354 1113 1440 abscessit,
1136 1358 1238 1423 omnis

76 1472 249 1537 reverentie
278 1471 418 1538 extincto
444 1477 506 1557 est,
539 1470 617 1539 fides
646 1472 768 1539 interiit
794 1477 827 1540 et
852 1472 1001 1539 honestos
1026 1477 1152 1539 mortue
1180 1477 1237 1539 est

76 1586 152 1666 Quid
177 1588 279 1671 igitur
305 1588 425 1675 placuit
446 1589 534 1656 vebis
563 1588 723 1675 duplicare
747 1588 872 1656 lnbores
893 1588 1037 1655 nostros?
1082 1588 1240 1667 Quantum

76 1703 330 1770 inreformundo
351 1709 383 1771 et
404 1704 600 1772 observande
619 1704 771 1789 religione
792 1706 930 1771 fructum
951 1706 1055 1772 fucere
1068 1705 1240 1791 veleamus,

75 1821 168 1887 vestm
190 1820 342 1903 deiectus,
364 1822 461 1887 vestri
480 1820 615 1906 labores,
638 1822 692 1908 qui
707 1842 746 1889 ex
761 1841 932 1907 prunorum
945 1822 1137 1908 inprobitate
1151 1822 1240 1889 robis

76 1937 184 2003 cotidie
208 1941 400 2021 accrescunt,
424 1937 535 2004 docere
557 1958 613 2004 vos
635 1937 785 2025 perfacile
807 1943 949 2026 possunt
988 1936 1087 2005 Porro
1110 1939 1240 2007 dividuo

76 2053 146 2138 qnid
167 2058 304 2140 prosunt
324 2054 495 2140 inquietis?
540 2052 695 2138 (lolligitis
717 2056 838 2140 itaque,
862 2054 945 2140 quod
966 2075 1068 2140 neque
1089 2056 1124 2122 in
1145 2056 1240 2142 spiri·

75 2169 209 2237 tuudbus
232 2190 334 2255 neque
356 2172 389 2237 in
409 2170 601 2238 secularibus
617 2170 752 2238 solidum
766 2171 917 2255 goudium
930 2170 1047 2239 iubere
1060 2191 1238 2257 possumus.

75 2284 126 2355 Set
147 2306 223 2374 spes
244 2292 356 2354 nostin
377 2287 478 2371 Deus,
501 2287 600 2354 honor
621 2291 744 2371 noster,
766 2308 865 2372 genus
887 2292 1040 2372 nostrum,
1063 2288 1239 2355 sublimitas

74 2408 194 2487 nostru,
227 2403 380 2471 exultatio
407 2408 530 2487 nestra,
558 2404 593 2471 in
622 2404 906 2471 amministratione
927 2425 1003 2471 snee
1024 2404 1072 2471 rei
1093 2405 1238 2492 publices

73 2524 178 2587 nostru
199 2521 361 2607 parvitate
382 2526 534 2607 tunquam
556 2540 612 2587 sue
634 2521 857 2605 instrumento,
887 2520 961 2587 licet
981 2520 1039 2587 vili
1060 2526 1092 2587 et
1113 2521 1238 2605 exigno,

73 2636 183 2722 utitur,
216 2656 336 2723 nosque
358 2656 416 2724 per
437 2658 514 2724 quos
536 2636 605 2704 vult
626 2637 780 2721 grednnm
802 2640 985 2723 provehe,
1007 2642 1159 2723 tunquam
1180 2657 1239 2723 per

73 2752 260 2819 munuscula
281 2754 424 2839 quedem,
448 2754 490 2820 od
511 2753 561 2821 sni
581 2754 717 2821 nominis
738 2773 878 2819 umorem
892 2752 1062 2820 clementer
1077 2752 1185 2838 ullicit,
1206 2757 1239 2820 et

73 2874 198 2936 nostrae
226 2869 409 2953 fragilitatis
437 2890 582 2937 excessus
611 2870 777 2937 cotidianis
802 2870 899 2936 immo
922 2870 1057 2937 assiduis
1078 2869 1239 2937 lebetibus

73 2986 155 3053 velut
176 2985 368 3072 quibusdum
389 2986 521 3071 flagellis
544 2992 576 3053 et
598 2986 869 3070 amaritudinibus,
894 3006 935 3054 ne
958 2986 997 3054 ub
1019 2986 1090 3073 ipso
1110 2986 1240 3054 recede·

73 3122 153 3187 mus,
189 3102 399 3189 comprimere
427 3102 582 3188 dignatur.
672 3102 721 3170 De
748 3104 904 3170 Turnines
932 3108 1057 3170 tanturn
1086 3103 1237 3188 dolemus,

73 3225 225 3303 qnantum
247 3219 351 3286 verbis
374 3221 551 3307 exprimere
572 3240 635 3286 non
649 3240 826 3306 pessumus.
862 3219 981 3306 Superb
997 3240 1107 3305 quere
1123 3221 1237 3287 domno

72 3334 239 3403 leodiensi
254 3338 400 3423 episeopo
416 3337 599 3422 scripsimus
608 3332 626 3420 ¹,
648 3337 729 3403 sicut
742 3336 777 3402 in
791 3336 969 3403 litterarum
983 3337 1138 3423 exemplo,
1155 3336 1238 3421 quod

72 3452 156 3519 vobis
180 3454 427 3538 transmisimus,
450 3454 557 3519 ridere
578 3452 719 3539 potestis.
755 3450 790 3519 Si
811 3453 944 3519 domnus
959 3473 1053 3541 papa,
1076 3458 1113 3520 nt
1126 3453 1236 3537 fertur,

73 3568 234 3637 Treverim
255 3574 404 3637 venturus
432 3574 495 3654 est,
524 3588 581 3635 nos
603 3569 689 3655 ipsos
712 3568 753 3635 ed
774 3568 855 3635 hanc
877 3589 1004 3637 censum
1025 3568 1236 3657 peragendum

73 3684 294 3774 expectabitis3
322 3687 498 3755 sinentem
521 3697 636 3753 venus⁰
659 3706 766 3753 rumor
789 3690 853 3770 est,
868 3685 1005 3752 ⁴frotrem
1027 3684 1234 3769 Htenricnm),

72 3808 214 3871 noenum
243 3802 391 3871 dilectum
418 3801 535 3887 filium,
565 3807 598 3869 et
618 3800 839 3869 Erleboldumd
861 3802 991 3871 fratrem
1019 3802 1061 3869 ud
1086 3802 1235 3867 domnum

72 3938 186 4005 peporn
209 3923 333 3985 mature
354 3919 497 4003 mittetis,
519 3920 654 3987 ferentes
675 3938 780 3985 secum
795 3920 902 3985 omniu
914 3920 1132 3999 instrumente,
1154 3933 1235 3998 quse

73 4033 109 4103 de
135 4036 291 4107 Tornines
320 4035 399 4103 bene
428 4035 516 4102 solve
543 4055 601 4122 per
627 4054 684 4102 nos
711 4034 849 4119 hebetis,
878 4040 911 4101 et
938 4034 1086 4121 precipue
1112 4031 1233 4097 litteren

141 4214 299 4290 u-donorum
319 4232 339 4261 c.
408 4213 431 4261 b.
452 4212 526 4275 Super
548 4238 573 4247 -
597 4214 729 4275 scripsimus
752 4231 820 4261 erm
840 4222 892 4261 em
954 4211 1005 4257 cod
1076 4220 1096 4254 c
1117 4205 1191 4251 miuus
1212 4220 1232 4250 c.

76 4291 96 4339 d
116 4292 183 4342 Etlub
199 4313 219 4341 c.

141 4401 167 4455 1.
190 4416 234 4471 ep.
247 4400 282 4455 57
301 4414 385 4467 supro
400 4415 428 4470 p.
441 4398 500 4454 134.
