3117 4859
237 442 307 499 1148

231 518 286 578 Apr.
297 518 312 565 b

329 274 397 345 250
704 292 854 342 wmeunr
873 290 1037 341 nnusroun
1059 288 1112 339 ιιι.

396 434 543 504 Preteree
572 434 790 503 excellentiam
810 442 949 503 vesum
971 435 1069 503 latere
1090 433 1252 520 nolumus,
1280 434 1364 521 qnod
1384 434 1417 501 in
1435 434 1483 502 lit·

328 552 421 647 teris,
452 572 529 638 quas
557 553 689 619 domnus
717 574 803 640 pape
827 553 988 638 Eugenius
1016 552 1242 640 depositionem
1267 551 1354 619 illius
1380 550 1484 619 conir-

327 689 418 735 muns
440 670 576 757 scripsit,
600 670 748 737 statuisse
766 670 948 755 dinoscitur,
970 675 1017 756 ut,
1039 670 1067 736 si
1088 668 1173 735 idem
1195 668 1362 736 Heinricns
1382 688 1486 756 moeni

327 787 510 853 monasterii
533 785 730 854 Gorbeiensis
752 787 939 873 perturbare
959 786 1188 873 presumpserit
1208 791 1243 853 et
1262 787 1312 853 bis
1332 785 1487 871 terciaque

326 904 534 970 commonitus
561 923 625 971 non
651 903 835 991 resipuerit,
862 922 927 969 nou
953 903 1055 970 solum
1082 903 1129 969 ibi
1154 901 1285 969 ulterius
1307 900 1487 988 prelationis

325 1037 389 1086 non
410 1018 538 1087 habebit
559 1017 713 1105 officium,
737 1024 787 1087 set
806 1038 847 1086 ne
868 1020 1067 1106 postmodnm
1088 1018 1135 1087 ibi
1155 1020 1239 1085 inter
1261 1017 1405 1085 subditos
1425 1036 1487 1083 ma·

286 1152 308 1199 ὀ
325 1140 413 1221 neat,
442 1135 639 1223 prohibuisse
648 1134 665 1203 ¹.
756 1136 835 1204 Cum
859 1156 878 1201 a
899 1140 1054 1203 conventu
1075 1135 1131 1203 illo
1153 1134 1412 1220 malignantium,
1438 1134 1488 1220 qui

235 3363 304 3420 1149

326 1252 409 1339 apud
426 1251 542 1320 Giselre
563 1256 599 1318 ut
621 1250 734 1341 supre¹
756 1254 875 1321 dictum
890 1258 940 1319 est
952 1252 1014 1319 fuit
1033 1252 1170 1337 habitus,
1192 1256 1416 1335 reverteretur,
1437 1251 1488 1317 ha-

314 1369 393 1454 buit
419 1368 596 1457 hospicium
623 1389 680 1456 pro
710 1370 829 1438 loribus
856 1369 1039 1436 monasterii
1065 1370 1099 1435 in
1120 1369 1214 1436 domo
1235 1367 1400 1435 cuiusdam
1421 1367 1489 1434 laici

325 1486 386 1553 sibi
409 1490 502 1553 antea
530 1485 712 1571 familiaris,
740 1487 796 1554 ubi
818 1508 839 1553 a
865 1486 1054 1573 quibusdam
1073 1484 1240 1552 iuuenibus
1260 1504 1345 1551 noua
1365 1484 1489 1571 cupien-

324 1602 409 1671 tibus
437 1602 583 1669 vidtatus
612 1603 685 1685 fuit3
717 1607 749 1670 et
771 1601 966 1671 antelucanis
993 1602 1079 1668 horis
1100 1602 1135 1667 in
1157 1601 1340 1669 aecclesiam
1363 1606 1489 1668 vocatus

324 1725 358 1787 et
383 1718 536 1786 salutatus
564 1718 633 1787 fuit.
672 1718 762 1786 Unde
790 1720 954 1804 egradiem
980 1738 1090 1803 mane,
1119 1719 1241 1785 invonit
1267 1717 1488 1805 operarioein

324 1856 414 1903 muro
436 1856 589 1903 normam
604 1836 719 1922 edium,
744 1856 822 1922 quas
837 1837 957 1921 erigere
969 1836 1196 1919 inchoavimus,
1217 1835 1425 1921 hortatusque
1439 1854 1488 1902 ece

324 1953 364 2020 ad
386 1952 526 2019 studium
549 1952 663 2039 operis,
687 1953 842 2039 promisit,
866 1953 886 2019 d
907 1972 941 2019 se
961 1952 1033 2039 ipso
1051 1952 1237 2035 condignam
1250 1952 1488 2019 retributionem

324 2074 521 2156 accepturos,
544 2070 648 2156 ipsum
672 2088 795 2154 quoqne
816 2069 1025 2136 camerarium
1045 2074 1205 2154 nostrum,
1228 2068 1279 2134 cui
1299 2067 1386 2135 hanc
1408 2068 1489 2135 sodi·

323 2186 494 2253 citudinem
522 2186 786 2252 iniunoxeremus.
876 2184 981 2252 Verba
1005 2184 1083 2252 haec
1105 2191 1197 2252 crant
1215 2185 1316 2272 inepti
1337 2185 1487 2267 hominis3

324 2306 386 2386 set,
414 2308 450 2367 nt
476 2302 579 2386 scitis,
607 2300 742 2389 populus
773 2301 877 2388 coepit
904 2322 942 2368 ea
970 2322 1160 2387 exaggerare
1189 2306 1222 2369 et
1248 2301 1429 2388 suspicione
1454 2318 1488 2368 ac

322 2424 409 2486 metu
438 2418 542 2485 omnia
569 2418 718 2506 implere,
748 2418 796 2484 ita
816 2423 853 2484 ut
875 2418 1069 2503 etiamuiri,
1099 2438 1178 2505 quos
1199 2418 1329 2485 maioris
1350 2418 1489 2506 oportuit

323 2556 391 2603 esse
419 2534 556 2619 consilii,
586 2535 621 2600 in
649 2532 852 2601 offensionem
878 2535 943 2601 siut
971 2534 1108 2603 adducti.
1145 2534 1293 2621 Proque
1312 2554 1349 2601 re
1373 2554 1487 2602 ammo-

321 2653 447 2720 nuimus
476 2671 546 2719 eum
576 2672 633 2738 per
660 2650 855 2718 venerabiles
882 2656 989 2737 patres
1017 2656 1050 2719 et
1074 2652 1240 2721 coabbates
1261 2656 1405 2737 nomos,
1433 2671 1487 2740 por

322 2770 467 2837 abbatem
482 2766 628 2835 videlicet
642 2766 681 2834 de
695 2763 919 2851 chichusen⁸,
939 2788 998 2855 per
1012 2768 1158 2836 abbatem
1173 2767 1213 2835 de
1225 2765 1419 2854 Nortlreim‘,
1433 2788 1487 2855 per

323 2886 468 2954 abbatem
495 2884 534 2951 de
563 2883 677 2951 Sancto
700 2880 912 2968 Godehardo³,
939 2904 998 2971 per
1025 2884 1173 2953 abbatem
1200 2886 1240 2952 de
1261 2883 1486 2968 Grauenlrircb,

322 3024 379 3091 per
393 3002 538 3070 abbatem
553 3001 592 3068 de
606 3000 757 3091 Fliotorp,
780 3020 839 3088 per
858 3001 1055 3088 prepositum
1073 3001 1113 3068 de
1126 2996 1368 3069 Riclrenberch⁶.
1437 3000 1486 3067 Sic

321 3118 479 3187 firmatam
502 3118 657 3185 credimus
680 3120 873 3187 sentenciam
901 3119 1008 3186 domni
1029 3138 1146 3206 papae,
1173 3138 1215 3186 ne
1235 3118 1321 3185 idem
1343 3118 1485 3185 dominns

323 3236 363 3304 de
385 3242 506 3304 caetmo
531 3235 574 3301 sit
594 3234 752 3302 habitator
774 3236 825 3303 vel
847 3237 992 3303 dominus
1014 3235 1212 3303 Gorboiemis
1232 3237 1427 3303 monasterii.

411 3352 506 3438 Haec,
523 3358 614 3440 pater
628 3353 855 3438 amantissime,
870 3353 960 3421 vobis
975 3352 1112 3420 scribere
1126 3351 1256 3436 dignum
1269 3352 1483 3437 iudicavimus,

321 3469 495 3559 prolixiora
516 3470 664 3555 fumasse,
695 3490 790 3556 quam
819 3470 933 3536 vestris
961 3468 1216 3556 occupationibus
1243 3489 1300 3536 seu
1320 3469 1483 3540 valitudini

322 3587 503 3669 conveniut3
527 3592 576 3655 set
598 3607 634 3655 eo
658 3586 762 3653 animo
785 3586 904 3653 factum
926 3591 984 3670 cst,
1007 3589 1044 3652 ut
1063 3590 1148 3653 totus
1169 3606 1277 3653 rernm
1299 3586 1376 3653 ordo
1399 3587 1482 3655 vobis

321 3703 445 3791 plenius
467 3704 644 3771 innotescat
667 3708 829 3791 etvnostra
850 3702 991 3789 parvitas
1013 3702 1099 3789 apud
1112 3707 1249 3771 vestam
1266 3702 1482 3771 dismetionem

321 3821 355 3887 in
384 3841 436 3905 eo,
467 3820 550 3907 qnod
578 3820 766 3908 peticionem
788 3824 926 3886 uestram
953 3823 1044 3885 unta
1067 3819 1237 3887 necessitas
1259 3819 1404 3887 exaudiri
1424 3838 1481 3886 non

321 3938 456 4026 patitur,
484 3935 642 4025 placidum
669 3936 904 4003 excusationem
925 3936 1075 4003 inveniat.
1164 3934 1253 4015 onoc
1274 3956 1349 4003 vero
1370 3934 1480 4023 plurali

321 4074 451 4121 numero
474 4054 654 4138 scribimus,
683 4073 747 4120 non
769 4052 857 4121 uenit
882 4074 922 4120 ex
945 4052 1079 4148 elatione
1101 4052 1204 4119 cordis
1226 4057 1259 4120 et
1278 4072 1396 4140 pompa
1415 4072 1478 4119 ver·

320 4171 442 4257 borum,
464 4190 565 4257 neque
587 4174 623 4236 ut
643 4190 684 4237 ex
706 4169 829 4237 tumide
850 4169 987 4237 dictiorm
1010 4170 1110 4237 oratio
1132 4168 1190 4236 liat
1211 4170 1345 4237 crassior
1368 4175 1424 4236 aut
1442 4186 1477 4234 en

393 4330 418 4384 1.
435 4328 471 4386 V.
489 4328 581 4399 spot
598 4344 681 4398 supra
698 4344 726 4397 p.
741 4328 802 4384 158.
854 4330 881 4383 2.
899 4328 1002 4397 uteo.
1058 4328 1085 4384 3.
1103 4326 1298 4384 Reinhardum.
1350 4327 1378 4383 4.
1395 4326 1476 4383 wne

320 4418 416 4475 linum.
469 4418 495 4473 5.
513 4412 692 4477 Friderlcum.
763 4417 790 4473 6.
808 4415 988 4475 Gerhardnm.
