3117 4859
328 239 393 305 134
677 252 828 301 wmarus
846 251 1035 301 sauronam
1053 250 1094 299 aa
1107 250 1148 297 ιι.

221 404 309 461 114⁷?
327 419 404 467 eura
425 402 574 484 gravatus
597 402 639 482 st,
662 396 745 463 dont
763 394 901 462 Domino
922 392 1053 482 placuit,
1074 394 1328 461 uenenariorum
1348 394 1481 463 namu

328 516 556 603 aliquantisper
574 513 731 598 anxiatus,
754 512 790 579 id
802 513 908 599 ipsum
924 511 1050 578 divinae
1064 510 1271 579 consolationi
1285 509 1481 577 minutula

328 633 477 717 assonibo,
501 632 529 698 si
551 632 640 697 cuins
662 649 717 696 oor
738 630 808 716 ipse
821 628 909 696 Deus
930 627 1081 713 tetigerit,
1104 628 1248 713 quamvis
1265 632 1376 715 pretor
1388 633 1418 693 to
1429 626 1482 695 isse

327 748 431 817 nullus
459 748 519 815 boc
545 752 687 835 tempore
714 745 760 813 sio
788 746 874 811 circa
898 764 951 813 me
978 745 1022 811 sit
1047 742 1194 829 alfwius,
1227 749 1266 810 nt
1291 743 1399 811 mulos
1422 763 1484 810 nos

327 887 423 955 saper
444 886 497 932 me
518 864 643 951 aperiat
664 867 706 946 ot,
729 862 830 949 ipsius
853 860 945 948 copia
966 860 1006 927 de
1027 862 1131 929 nostri
1148 861 1288 929 aucwris
1300 880 1430 929 munere
1441 878 1484 927 ao·

327 988 435 1070 cepta,
468 1002 573 1048 meam
599 980 755 1067 inopiam,
785 998 881 1064 quam
907 983 1039 1065 proptor
1067 977 1146 1045 alios
1174 977 1331 1061 sustineo,
1360 977 1486 1044 natum

327 1098 544 1186 compassione
566 1096 721 1184 suppleat.
767 1094 851 1161 Nom
873 1094 1019 1161 mihimet
1046 1093 1105 1160 soli
1133 1094 1226 1161 facile
1247 1091 1428 1161 mifioerent
1445 1090 1487 1158 vd

326 1236 442 1304 parva,
466 1214 550 1301 quia,
577 1218 729 1300 quantum
751 1233 803 1279 res
824 1212 959 1299 patitur,
981 1230 1046 1277 non
1067 1209 1161 1277 valde
1182 1210 1309 1297 requiro
1331 1207 1485 1297 superflua

328 1331 384 1399 Set
410 1330 486 1417 quid
513 1330 631 1397 diutius
660 1334 829 1416 occupatos
856 1327 963 1394 oculos
990 1327 1041 1394 vel
1068 1347 1161 1394 aures
1189 1333 1262 1394 tuas
1289 1326 1409 1394 talibus
1432 1346 1486 1392 mo

327 1469 454 1517 morans
482 1446 594 1515 team?
622 1446 766 1533 quamvis
794 1444 964 1511 iocundum
991 1444 1071 1511 mibi
1092 1444 1135 1511 sit
1156 1464 1195 1511 ao
1221 1443 1409 1512 delectabile
1427 1462 1488 1510 oum

327 1564 531 1633 dilectissimo
558 1584 628 1630 meo
651 1582 726 1650 sepe
748 1562 864 1647 dinque
885 1559 1031 1628 fabulari.
1065 1560 1178 1627 Modus
1199 1562 1307 1647 itaque
1328 1562 1396 1627 iam
1416 1580 1488 1627 nuno

328 1682 370 1749 sit
390 1682 518 1749 interim
541 1680 697 1764 diotioms,
720 1699 792 1745 cnm
814 1698 879 1744 uon
901 1678 943 1743 sit
964 1677 1077 1745 modus
1099 1676 1286 1745 mesdeus
1320 1676 1413 1745 Vale

291 1943 296 1949 .
331 1876 391 1947 57.
414 1878 574 1945 Wibuldus
595 1876 777 1943 Heioricom
794 1877 834 1942 II
849 1878 1026 1964 episcopum
1047 1876 1254 1943 Leods'mem
1274 1887 1382 1962 copul,
1413 1884 1490 1962 copul

416 1984 630 2066 Eustochium,
645 1996 680 2049 at
693 1987 879 2049 monasterio
892 1983 1068 2050 stabulensi
1082 1984 1188 2049 oblatu
1201 1986 1349 2048 rattruut.
1367 1980 1422 2063 (ll.
1432 1979 1490 2061 40.)

243 2120 310 2175 1147
417 2108 598 2177 Reverendo
622 2108 707 2195 patri
729 2128 786 2174 suo
810 2112 842 2173 et
864 2107 989 2174 domino
1006 2106 1143 2173 Heurioo
1166 2112 1293 2173 sanotae
1315 2104 1489 2173 Loodiensb

254 2192 304 2241 (Μ’
329 2225 479 2294 ecclesiae
497 2225 671 2293 venerabili
693 2225 857 2313 episcopo·
879 2223 976 2290 frater
991 2221 1154 2291 Wibaldus
1176 2223 1238 2290 Dei
1258 2223 1364 2308 gratia
1387 2223 1491 2291 Stabu-

328 2342 425 2411 lensis
449 2341 617 2409 aecclesiae
640 2362 749 2409 servus
773 2339 902 2408 devotas
925 2340 1082 2407 orationes
1103 2345 1135 2408 et
1157 2339 1303 2406 devotum
1322 2340 1490 2407 servitium

417 2458 545 2527 Fratres
567 2458 669 2525 nostri
692 2463 724 2525 et
745 2456 813 2542 filii,
838 2456 1040 2524 Stabulenses
1062 2457 1219 2541 monachi,
1241 2461 1366 2524 vestrae
1383 2458 1491 2524 sancti

328 2577 403 2645 tatis
427 2576 521 2661 servi,
545 2574 725 2643 detulerunt
747 2575 789 2641 ad
808 2594 867 2641 nos
886 2593 1014 2658 gravem
1029 2573 1256 2659 querimoniam
1269 2593 1328 2662 pro
1345 2594 1394 2659 eo,
1418 2571 1492 2660 qnod

327 2693 516 2761 Eustaobiur
544 2692 638 2759 bomo
661 2697 764 2759 vester
787 2697 819 2758 et
840 2690 1066 2777 parrochianus
1088 2690 1198 2757 villam
1220 2690 1390 2775 Tomines,
1421 2709 1492 2777 quae

328 2810 369 2876 ad
396 2810 587 2877 cotidianam
608 2807 804 2896 prebendam
824 2807 960 2875 nauum
981 2808 1134 2895 pertinet,
1164 2807 1281 2875 invasit
1302 2812 1335 2875 ιι
1357 2806 1491 2874 eiusdem

327 2926 421 2993 villae
442 2926 579 3010 reditus,
604 2925 658 3011 qui
680 2926 714 2991 in
736 2944 848 2991 mensa
868 2925 1004 2991 stabam
1026 2924 1141 2991 cotidie
1164 2924 1320 3009 serviunt,
1344 2923 1491 2991 violenter

329 3041 467 3109 abstulit
502 3041 621 3109 Notum
642 3046 750 3109 *autem
771 3040 861 3109 vobis
883 3062 953 3109 esse
974 3062 1038 3109 uon
1060 3041 1251 3127 dubitamus,
1273 3040 1410 3127 qualiter
1425 3061 1491 3109 ean·

328 3157 401 3224 dem
428 3156 537 3225 villam
564 3157 680 3224 indicio
710 3162 742 3225 ιι
766 3158 894 3225 iusticia
919 3158 1058 3225 dictante
1085 3158 1262 3245 recepimus
1289 3163 1420 3225 etcum
1441 3178 1492 3245 per

328 3273 429 3340 multa
462 3274 528 3341 ism
556 3278 701 3361 tempora
726 3274 760 3341 iu
788 3273 889 3342 libera
916 3275 1113 3362 possessione
1141 3279 1252 3342 nostra
1276 3275 1439 3343 tenuimus
1464 3278 1491 3339 ιι

330 3390 433 3477 quiete
460 3390 688 3476 ordinavimus,
719 3396 751 3458 et
773 3391 814 3459 ad
835 3412 911 3459 usus
932 3392 1068 3459 bubum
1089 3396 1284 3477 nmuomm,
1311 3397 1410 3479 prout
1429 3410 1490 3457 mo

329 3507 461 3575 austerii
483 3507 679 3594 oportunitas
702 3509 861 3595 poscebat,
883 3508 1003 3575 reditus
1023 3509 1186 3576 univorsos
1207 3507 1419 3596 aptavimus⁸3
1441 3505 1490 3574 sed

330 3630 363 3692 et
389 3624 627 3693 decimationem
658 3630 690 3691 et
719 3625 796 3710 alia,
826 3646 906 3711 quae
927 3625 1095 3693 hincinde
1120 3626 1271 3692 distracta
1291 3630 1397 3711 eram,
1426 3644 1490 3691 cum

329 3741 436 3809 laboro
457 3760 572 3826 magno
594 3740 821 3826 recollegimus.
855 3741 899 3809 Et
915 3762 1038 3808 eramus
1052 3741 1249 3829 possidentes
1264 3747 1349 3827 tunc,
1371 3740 1490 3828 qnando

331 3858 465 3925 domnus
491 3877 577 3946 papo
605 3858 730 3943 signum
757 3865 885 3927 sauctae
913 3860 1014 3926 omois
1042 3858 1132 3927 nobis
1160 3860 1315 3946 inposuit,
1344 3863 1380 3925 ut
1402 3876 1490 3944 super

330 3994 471 4064 paganos
493 3979 582 4042 tram
598 3974 707 4043 Albim
728 3976 762 4041 in
785 3976 1018 4063 expeditionem
1039 3996 1248 4060 moveremur,
1271 3996 1308 4043 ac
1328 3994 1490 4062 personam

329 4097 472 4160 nosusm
495 4096 527 4159 et
548 4096 658 4158 nostra
680 4092 787 4159 omnia
807 4092 865 4160 sub
887 4094 1115 4181 protectionem
1137 4093 1223 4160 beati
1243 4091 1330 4161 Petri
1353 4096 1385 4159 et
1405 4110 1489 4159 suam

331 4209 480 4295 suscepit.
515 4206 602 4275 intra
625 4208 707 4294 quod
728 4213 854 4297 tempus
877 4210 1053 4297 predictam
1066 4208 1176 4277 villam
1190 4230 1255 4278 nou
1269 4210 1385 4297 absque
1399 4208 1487 4275 sacri-

330 4324 412 4409 legio
427 4325 511 4391 idem
526 4324 740 4407 E(ustachiusl
755 4326 881 4393 invasit.
917 4326 1008 4393 Unde
1030 4326 1134 4393 animo
1156 4325 1315 4414 provoluti
1338 4326 1377 4394 ad
1397 4324 1487 4414 pedes

403 4452 422 4489 a.
441 4438 574 4491 locediensis
590 4442 634 4507 epo
650 4444 693 4491 ved
709 4442 753 4506 elio
770 4460 790 4489 o.
851 4442 875 4491 b.
894 4442 1023 4492 οδιιιίιιιιι
1037 4451 1129 4492 anau
1145 4445 1168 4489 is
1183 4443 1310 4505 aptavimus
1324 4460 1346 4492 ι.
