3117 4859
430 298 581 347 wmsnnr
599 298 765 349 urrsuoun
786 298 840 347 sss.
1152 282 1233 351 255.

59 437 233 527 pralrtiouis
254 459 331 507 sure
351 444 503 527 utquam
523 441 621 511 stulte
642 442 749 509 omnio
769 442 885 527 egerit,
914 462 976 509 uno
999 439 1142 529 exemplo
1163 442 1385 511 de-lltt-lltt

59 557 218 624 monstrari
232 555 379 625 sufficiet:
403 558 496 644 qnod,
519 577 591 624 cum
611 558 720 626 fratris
742 558 792 625 sni
814 556 998 625 benefitium
1020 558 1155 627 liborum
1177 558 1218 625 od

59 673 234 743 sooolesium
246 672 390 757 redisset
407 673 447 741 de
461 687 523 760 quo
537 674 673 741 multum
686 696 738 743 res
752 679 879 743 nostroe
897 676 1111 759 augmentari·
1125 680 1214 763 poto-

57 796 139 874 rant,
166 790 285 876 absque
309 791 396 857 omni
417 796 450 857 et
471 811 531 858 sno
551 797 584 859 et
604 798 713 859 nostra
734 791 871 859 utilitate
893 792 933 859 de
953 812 1050 859 menn
1072 792 1139 859 eius
1161 813 1216 859 ex·

57 906 135 973 oidii.
188 905 233 973 Et
262 905 344 973 bano
381 905 544 974 honestam
580 910 827 997 oportunitatem
858 908 1088 993 beneiaoiondi,
1122 928 1217 995 quum

57 1023 140 1107 quasi
161 1022 330 1090 dormienti
348 1022 436 1091 Deus
458 1024 629 1109 obtulerat,
658 1046 787 1113 prorsus
810 1025 964 1110 neglexit,
987 1030 1019 1093 et
1040 1045 1081 1091 ne
1103 1023 1216 1111 aliquis

57 1158 264 1207 mooessorum
296 1160 426 1207 snorum
459 1139 628 1209 utilitatem
661 1142 735 1210 inde
763 1146 987 1228 consequatur,
1022 1140 1216 1229 aliquarumb

55 1275 156 1323 rerum
177 1256 377 1324 intrioob‘one
399 1255 511 1325 eiieoit

137 1372 279 1452 Qualiter
304 1373 438 1459 deniqne
465 1394 523 1460 per
544 1374 694 1441 domnum
716 1374 886 1459 Thomum‚
916 1372 1108 1441 osrdinelem
1129 1394 1218 1461 pres·
1254 1374 1324 1429 1146

55 1486 197 1589 litorum,
219 1488 410 1577 apostolieae
431 1490 514 1557 sedis
532 1490 681 1575 legatum,
703 1491 865 1578 depositus
888 1491 931 1557 rit
945 1526 992 1575 -,
1004 1495 1168 1559 eoousatus
1185 1496 1218 1559 et
1235 1447 1339 1495 mm

54 1605 211 1673 oonriotns
226 1605 265 1673 de
279 1606 433 1694 symonia,
454 1606 492 1674 de
507 1608 644 1675 violenta
663 1608 849 1693 intrusione,
870 1607 909 1676 de
923 1608 1094 1676 inutilitate
1109 1628 1217 1695 porso-

54 1741 119 1807 ηε,
140 1723 183 1791 de
203 1722 417 1791 inobedientia
433 1758 475 1769 —
494 1725 570 1810 quis
585 1730 709 1792 vestae
730 1724 912 1792 discretioni
933 1724 1128 1808 iueognitum
1149 1744 1217 1791 esse

52 1858 113 1905 non
125 1839 295 1924 oredimus,
310 1839 351 1907 ob
363 1838 527 1907 fastidium
540 1840 732 1928 prolixitatis
746 1841 798 1908 hio
812 1842 951 1909 inserere
966 1840 1215 1928 supersedemm.

137 1956 294 2037 Quoniam
327 1956 425 2041 igitur
455 1976 513 2043 per
545 1957 793 2025 misericordium
820 1957 880 2026 Dei
912 1958 952 2027 de
986 1978 1122 2045 persona
1151 1958 1217 2026 sius

52 2072 203 2141 moolosio
229 2077 339 2141 nostre
365 2072 500 2139 liberata
527 2079 592 2159 est,
619 2074 738 2159 gratias
760 2075 882 2159 agimus
904 2074 988 2157 Deo;
1020 2080 1051 2142 et
1074 2075 1157 2162 qnod
1179 2074 1218 2141 de

51 2194 174 2257 meiero
193 2210 296 2275 neque
317 2188 463 2257 dominns
484 2209 585 2276 neque
607 2190 764 2259 habitator
784 2191 846 2259 looi
859 2192 960 2259 nostri
972 2192 1027 2276 sit
1051 2192 1217 2279 sponsione

51 2304 83 2370 in
108 2311 298 2393 perpetuum
319 2305 456 2373 valitura
481 2304 703 2377 firmavimus..
729 2307 838 2394 Neque
868 2309 952 2375 enim
973 2314 1142 2395 propterea
1163 2308 1218 2375 de·

51 2422 200 2507 positioni
222 2423 290 2490 eins
311 2422 541 2489 eonsentientes
561 2423 688 2508 inimus,
711 2424 795 2510 quod
816 2425 918 2491 denno
942 2444 1013 2492 eum
1035 2424 1125 2492 nobis
1146 2445 1218 2511 pre-

50 2556 166 2625 ponere
187 2536 388 2607 rolnerimns.
425 2536 548 2606 Scimus
570 2544 685 2624 sutem
708 2541 886 2626 quodnisi
909 2539 1069 2609 affeotaret
1090 2542 1218 2608 restitn-

49 2655 167 2723 tionem
195 2656 358 2741 dignitatb
387 2675 479 2739 snae,
506 2674 704 2742 nequaquam
724 2662 888 2753 tantopere
911 2662 1055 2743 quereret
1077 2657 1123 2726 ibi
1145 2656 1218 2725 sub-

51 2790 131 2857 esse,
168 2773 223 2841 nbi
257 2771 423 2858 ubquando
455 2772 587 2858 prefuit,
620 2773 769 2859 preoipne
804 2792 875 2839 eum
905 2774 940 2841 in
967 2774 1123 2862 principio
1150 2773 1219 2841 sodi

50 2888 240 2974 apostolieae
260 2888 460 2956 rebellaverit
485 2894 531 2973 at,
558 2893 607 2955 tot
634 2893 802 2955 conatuum
824 2910 952 2957 suornm
974 2892 1144 2978 amputetis
1167 2910 1218 2956 oa-

47 3004 184 3091 pitibns,
218 3005 346 3072 cottidie
378 3006 556 3090 trigeminis
584 3003 753 3072 assultibus
781 3026 945 3092 resurgere
973 3008 1217 3094 attemptaverit.

49 3118 117 3189 lion
139 3141 218 3206 orgo
239 3122 401 3189 internos
423 3142 495 3189 eum
518 3120 758 3206 essevolumus,
782 3123 846 3209 qui,
869 3124 897 3190 si
919 3125 1114 3211 oportunitas
1138 3125 1218 3191 eooi-
1261 3128 1270 3142 “

49 3236 139 3324 derit,
162 3239 280 3305 iterum
301 3238 393 3306 nobis
415 3239 571 3306 dominari
592 3239 794 3326 oonenpisoit.

135 3354 277 3422 Litteras
311 3356 407 3422 edam
440 3355 548 3422 domni
581 3375 699 3442 papea,
736 3354 956 3423 confirmantes
991 3355 1218 3443 depositionem

49 3470 125 3556 eiua,
147 3473 307 3559 presenti⁸
330 3492 412 3539 anno
435 3472 610 3556 habuimus,
632 3473 669 3538 in
690 3471 802 3558 quibus
818 3472 878 3539 boo
892 3472 1101 3559 demandavit,
1125 3474 1217 3560 qnod
1237 3478 1306 3533 1148

48 3588 313 3657 siCorbeiensom
334 3588 518 3656 neoelesiam
538 3588 672 3673 iotigare
692 3589 921 3676 presumpserit
943 3595 975 3657 et
997 3591 1093 3659 semel
1116 3612 1152 3658 uo
1169 3592 1217 3659 bis

48 3706 187 3773 terciove
208 3706 415 3773 commonitus
436 3726 510 3773 non.
522 3705 700 3792 resipuerit
722 3726 788 3772 non
803 3704 905 3772 solum
919 3706 1102 3793 prelationis
1117 3708 1217 3792 digni·

47 3825 161 3907 tstem,
192 3822 232 3888 de
254 3842 316 3908 qua
337 3822 498 3909 depositus
520 3829 583 3909 est,
605 3824 640 3889 in
662 3821 843 3890 corbeiensi
865 3824 1055 3891 monasterio
1077 3844 1141 3891 non
1161 3824 1218 3891 ha-

48 3935 143 4024 babit,
167 3943 219 4005 set
238 3957 298 4006 noo
317 3938 401 4007 inter
422 3939 564 4007 subditos
585 3939 786 4027 postmodum
807 3938 963 4007 habitabit
972 3935 988 4005 ¹.

134 4054 162 4122 F
163 4056 338 4140 sugentem
368 4056 466 4141 igitur
500 4056 682 4123 aooelesium
710 4062 852 4125 nostram
880 4077 937 4144 per
965 4052 1158 4123 venerabiles
1186 4058 1219 4121 et

48 4170 213 4258 religiosas
241 4192 393 4260 personas
420 4172 566 4239 dominns
593 4177 702 4240 noster
727 4173 823 4241 abbas
847 4194 886 4239 ex
908 4171 1065 4240 eommuni
1088 4169 1218 4237 oonsilio
1279 4198 1285 4207 ·

119 4336 141 4371 ι.
161 4324 287 4371 umenurl
302 4344 323 4370 c.
384 4322 408 4370 b.
423 4336 519 4383 quarum
533 4340 553 4370 c.
614 4336 634 4371 e.
650 4326 717 4371 imao
733 4322 885 4385 praesidenti.
912 4324 940 4373 V.
955 4340 1025 4384 surpra
1038 4322 1127 4384 puto.

119 4420 147 4474 l.
166 4418 203 4475 V.
221 4434 265 4489 ep.
277 4418 314 4476 bt
330 4434 414 4490 supro
430 4434 459 4489 p.
472 4418 534 4475 los.
