3117 4859
319 244 384 314 608
725 261 875 310 ummmr
895 258 1082 310 urrerem

408 401 571 490 Siquidem
598 421 670 470 oum
698 422 757 490 pro
784 401 919 487 insigni,
953 422 1016 488 que
1042 421 1118 486 erga
1147 404 1333 468 sanatorum
1365 397 1489 464 exurite

318 519 459 588 fervebat
467 515 485 606 ¹,
509 519 674 586 deuotione
694 518 861 586 nonnullas
885 518 1043 605 quondam
1059 516 1234 586 beatissimi
1248 515 1321 583 Viti
1343 515 1491 601 martyris

317 636 467 723 reliquiae
498 656 538 704 ex
560 635 741 703 Corbeieusi
770 657 829 704 sua
856 635 989 704 adelesia
1016 633 1166 702 attulerat
1192 633 1234 700 ud
1261 632 1493 699 monasterium

320 753 515 838 Stabulense‚
537 774 596 840 pro
618 771 753 840 quarum
773 754 897 820 deoenti
919 759 952 820 et
971 750 1143 819 honorifica
1163 751 1391 817 asservatione
1412 749 1495 814 iuxta

320 870 448 938 domum
462 889 552 937 suam
567 869 756 938 abbatialem
770 870 926 954 insignem
942 890 962 936 a
976 868 1190 936 fundamentis
1205 867 1282 933 dum
1299 866 1496 933 extruxiaeet

233 998 302 1055 1157
320 985 526 1072 eoelesiolam,
550 1006 586 1054 ae
602 1007 640 1054 11
654 986 766 1054 deuote
780 990 1006 1070 consummata,
1025 984 1163 1052 duillius
1178 983 1389 1052 dedicatione
1403 981 1497 1048 medi

319 1107 456 1189 teretur,
479 1102 570 1170 111111
593 1121 688 1190 quam
711 1102 914 1170 existimabat
935 1123 956 1169 a
975 1101 1142 1169 Frederioo
1164 1102 1364 1187 imperatore
1390 1098 1437 1166 ad
1451 1119 1498 1166 αι-

319 1221 401 1288 riam
423 1224 579 1288 evocatur.
612 1219 661 1287 De
683 1220 771 1286 euius
791 1219 940 1286 mandato
960 1219 1077 1286 iterata
1097 1218 1132 1284 in
1146 1214 1316 1284 (11111111
1337 1217 1500 1300 legatione

319 1336 470 1421 tingitur.
560 1335 609 1404 De
632 1356 694 1422 qua
714 1335 850 1420 rediens,
873 1340 1042 1423 postquam
1063 1335 1102 1402 de
1119 1334 1318 1419 gravimimis
1333 1334 1437 1418 regni
1450 1352 1500 1399 ne·

321 1453 414 1538 gotiie
448 1471 520 1519 eum
552 1449 698 1518 Manuale
731 1450 1079 1540 Constantinopolitano
1113 1452 1307 1540 imperatore
1340 1449 1501 1517 foelicitu

320 1573 502 1654 1111111111,
525 1568 626 1635 nimia
645 1568 790 1637 laborum
811 1569 995 1654 fatigatione
1016 1589 1075 1658 pro
1097 1569 1184 1637 senio
1207 1568 1394 1652 nauseatus,
1419 1565 1500 1654 apud

320 1683 489 1752 Butelliam
504 1685 664 1753 deitatem
677 1686 713 1752 in
726 1687 865 1772 regione,
882 1707 962 1773 quae
972 1685 1142 1771 Pelagonia
1152 1689 1368 1772 nuncupatur,
1384 1702 1501 1768 magno

321 1801 462 1868 omnium
484 1800 635 1869 comitium
657 1822 785 1870 suorum
807 1803 915 1870 dolore
936 1808 969 1870 et
986 1802 1084 1888 luetu,
1106 1801 1209 1869 morbi
1226 1800 1395 1887 inopinati
1409 1799 1501 1868 rebe

230 1927 301 1984 1158
320 1917 440 1984 1111111
462 1938 482 1985 1
503 1917 688 1987 mortalibus
710 1919 751 1986 ad
765 1919 960 1987 immortales
975 1919 1117 1986 eoelestis
1132 1918 1250 2004 gloriae
1264 1919 1353 1985 eires
1372 1921 1421 1984 14
1436 1916 1500 1984 cu

220 2001 304 2050 rau
320 2033 458 2119 Augusti
480 2054 562 2102 anno
586 2037 681 2119 1158,
705 2035 1161 2120 amnemamnem,
1185 2035 1364 2102 aseneum.
1403 2033 1500 2101 euru

321 2169 434 2239 eorpus
457 2151 491 2218 in
513 2151 644 2219 basilica
667 2151 807 2219 eiusdem
833 2151 895 2219 looi
918 2172 938 2218 a
960 2152 1087 2237 collegis
1115 2157 1147 2218 et
1173 2151 1298 2218 itineris
1326 2151 1501 2218 eomitibus

321 2265 492 2335 honorifico
515 2268 677 2335 eonditum
699 2267 880 2356 sepudehro,
907 2267 1052 2336 relietum
1073 2269 1135 2335 tuit
1154 2268 1189 2334 iu
1210 2266 1373 2354 deposito;
1399 2267 1501 2333 donee

321 2385 601 2453 reverendissimus
625 2385 757 2452 domnus
779 2383 978 2470 Erleboldue,
999 2385 1098 2453 frater
1119 2384 1187 2451 eius
1208 2403 1273 2450 non
1294 2382 1404 2450 solum
1427 2381 1499 2448 rdi-

322 2501 415 2587 gione
437 2502 493 2570 sed
516 2507 548 2569 et
569 2502 721 2587 sanguine
743 2522 922 2587 germanus,
943 2503 1029 2569 uitae
1050 2506 1083 2568 et
1104 2505 1231 2568 1111111
1245 2500 1499 2567 eonversatiouis

322 2619 436 2686 merito
459 2622 492 2686 11
512 2615 622 2686 haeres
646 2618 812 2687 abbatialis
840 2618 1004 2703 diguitatis
1030 2619 1066 2684 in
1088 2617 1267 2685 Stabulensi
1289 2618 1499 2699 monasterio,

322 2735 437 2823 pignus
460 2735 637 2824 depositum
658 2736 765 2804 favore
782 2735 942 2803 Frederiei
962 2735 1175 2822 imperatorie,
1196 2735 1232 2801 in
1252 2734 1343 2800 ouius
1366 2733 1498 2800 seruitio

232 2860 302 2916 1159
322 2853 395 2939 pius
417 2852 546 2940 praesul
562 2853 661 2920 vitam
682 2857 842 2940 posuerat,
864 2851 972 2920 revehi
986 2851 1131 2920 obtinuit
1166 2849 1264 2934 Quod,
1287 2849 1437 2916 reuoluto
1459 2847 1498 2915 ab

223 2985 308 3036 mae
325 2969 413 3036 obitu
434 2968 519 3036 illiue
541 2989 604 3036 uuo
628 2989 709 3036 auno
732 2973 764 3036 et
786 2987 843 3036 eex
865 2969 986 3054 diebus,
1009 2967 1146 3035 Henrieo
1159 2965 1327 3033 Leodiensi
1346 2967 1498 3051 episeopo

324 3083 457 3151 solemni
484 3085 549 3152 ritu
578 3084 726 3171 exequias
752 3084 946 3169 celebrante,
980 3084 1200 3152 assmtentibus
1229 3082 1332 3149 eidem
1360 3081 1497 3146 diuerds

326 3199 501 3286 abbatibus,
524 3220 596 3268 eum
617 3220 733 3286 magua
752 3206 822 3268 tum
836 3200 913 3268 oleri
926 3205 994 3267 tum
1009 3201 1119 3288 populi
1131 3197 1310 3285 frequentia
1322 3198 1358 3264 in
1372 3196 1498 3282 mugni-

324 3311 384 3381 fieo
411 3315 533 3383 tumulo
561 3323 634 3385 ante
663 3337 823 3384 summum
849 3317 950 3384 altare
972 3315 1168 3384 Stabulensis
1195 3313 1345 3382 ecelesiae
1367 3313 1499 3381 reoondi

324 3430 410 3516 feeit,
433 3437 586 3517 quatenus
609 3434 676 3501 eius
699 3452 904 3518 successores,
926 3432 1057 3500 eborum
1075 3431 1237 3500 adlaudee
1252 3430 1421 3498 Altiseimo
1445 3430 1499 3497 de·

325 3547 497 3616 mutandae
524 3548 752 3636 ingredientes,
780 3547 987 3616 honorificum
1014 3548 1168 3616 eiusmodi
1194 3546 1397 3635 sepulchrum
1421 3565 1499 3633 prae

326 3663 425 3732 oeulis
446 3664 593 3731 11111111
615 3665 783 3751 habentes,
812 3645 908 3733 oflicii
935 3664 985 3732 sui
1012 3685 1138 3753 semper
1160 3668 1266 3731 111111
1285 3683 1447 3731 memores
1468 3668 1499 3728 et

189 3869 190 3872 Ἴ
326 3780 368 3848 11
390 3781 456 3848 eius
479 3781 639 3868 sequenda
660 3783 794 3868 vestigia
815 3788 884 3850 tum
910 3783 945 3848 in
967 3781 1145 3848 substantia
1165 3779 1349 3848 monasterii
1371 3799 1498 3846 eoneer·

326 3897 431 3964 vande
458 3902 490 3964 et
516 3897 737 3985 amplificanda
763 3905 833 3966 tum
858 3900 893 3966 in
913 3898 1068 3984 regularis
1090 3897 1276 3984 diseiplinae
1297 3895 1498 3963 observantia

326 4014 540 4101 promovenda
560 4013 767 4094 redderentur
792 4014 970 4082 alacriores.
1060 4013 1150 4093 Quod
1171 4011 1395 4080 memorandae
1416 4011 1497 4078 anti-

328 4129 458 4215 quitatis
480 4136 717 4200 monumontum
739 4131 813 4219 plus
835 4151 930 4217 quam
943 4133 1012 4199 440
1033 4131 1125 4198 anuis
1145 4130 1182 4196 in
1195 4128 1404 4197 medioebori
1424 4147 1497 4194 eou-

328 4246 425 4332 utitit,
458 4247 515 4315 sed
545 4253 620 4334 post
646 4247 788 4316 diuersas
813 4247 922 4316 ruinae
951 4253 985 4316 11
1012 4247 1158 4316 iueeudia
1182 4251 1360 4314 restaurato
1387 4243 1497 4332 templi

400 4377 596 4435 1111111111.
