3117 4859
308 222 355 293 90
697 244 847 293 smum
866 216 1032 295 arrssoua
1051 246 1089 292 ra

220 388 290 444 1137
309 392 489 453 anctorum
511 388 773 474 monasteriisque
794 387 976 455 sceleratius
998 388 1152 474 saeviam,
1174 395 1212 457 ut
1231 389 1435 458 maioribus
1425 410 1475 459 m·

233 462 428 571 Mandis
460 504 571 571 domus
598 504 767 590 orationis,
801 525 897 591 quam
923 505 1018 572 urbes
1044 510 1218 593 cunctaque
1245 507 1366 595 oppida
1390 526 1474 574 oom-

307 620 431 688 burant
466 620 633 709 impletum
660 627 710 689 est
734 640 819 689 nuno
844 622 879 687 in
905 621 1062 706 eeclesiis,
1092 623 1175 707 quod
1202 624 1254 690 vir
1280 629 1409 690 anctus
1432 624 1474 692 ad

302 738 479 805 Dominum
513 736 669 807 declamat
699 738 823 805 dicens:
862 740 922 806 Ubi
946 741 1152 805 taddeam
1178 752 1210 806 te
1229 752 1340 829 potres
1367 744 1472 823 nouit

300 854 394 941 sueto
421 866 464 921 est
491 858 608 921 canedo
634 858 715 944 ipsis
723 852 739 921 ¹.
772 855 865 923 Nunc
889 856 955 922 mm
975 856 1065 922 venit
1084 854 1178 940 bora,
1206 860 1245 923 ut
1264 874 1390 941 omnes,
1419 856 1473 942 qui

306 975 449 1037 noemam
469 975 588 1037 terrm
610 972 851 1059 depraedantur,
877 972 1059 1056 incendunt,
1081 971 1248 1039 demtant
1267 977 1300 1039 et
1320 972 1472 1041 ruricolas

307 1104 345 1152 ae
365 1086 535 1154 monaebos
557 1088 591 1153 in
612 1108 709 1155 nervo
731 1090 884 1173 vinciunt,
907 1090 1109 1177 compedibus
1130 1088 1314 1156 acmanieis
1328 1095 1471 1174 meant

137 1206 143 1213 '
185 1227 189 1235 ·
307 1202 467 1289 occidunt,
490 1204 638 1289 venduut,
664 1206 807 1273 cruciant
829 1212 862 1274 et
882 1212 1124 1294 persequuntur,
1147 1204 1340 1273 arbimentur
1362 1226 1398 1272 se
1418 1205 1472 1273 ob·

307 1320 449 1405 sequium
482 1327 644 1407 praestare
670 1321 748 1389 Deo.
787 1322 849 1390 Ubi
883 1328 988 1390 autem
1016 1322 1205 1390 venerabilis
1231 1321 1324 1389 aulae
1350 1320 1471 1391 clausas

305 1437 472 1504 inveniunt
496 1443 621 1525 portas,
648 1440 793 1506 certatim
819 1439 951 1507 ictibus·
972 1438 1162 1507 dextralium
1189 1439 1295 1506 aditam
1318 1444 1472 1524 resa-ant

306 1558 343 1620 ut
368 1559 453 1622 recte
480 1555 618 1622 dicatur:
650 1556 750 1638 Quasi
776 1559 810 1622 ιἰι
836 1558 915 1623 sileo
943 1558 1098 1644 Ιίφιιοιιιω
1117 1559 1275 1624 sensibus
1295 1558 1475 1623 κώδωνα

306 1674 733 1760 ιάιιιιιιιιὲιιιὶιιὶᾰίριιιηι,
757 1674 1472 1757 ιἰιιιιιιιὲααιιίοάιίκωιιιιιωςίιιαιι-

307 1788 418 1855 mos
437 1790 505 1876 ipat
524 1792 734 1855 commotam
755 1801 857 1870 Mem,
883 1792 918 1855 ia
939 1802 1024 1855 terro
1039 1790 1221 1877 podismal
1241 1790 1473 1855 almum

305 1907 438 1971 amabis
459 1900 531 1971 toi'.
566 1904 681 1983 Quanti
702 1924 788 1972 nuno
809 1904 849 1972 ab
869 1906 916 1972 eis
929 1902 1104 1993 pontifices,
1126 1903 1313 1992 presbyteri,
1335 1904 1471 1989 diaconi,

305 2020 467 2105 monachi,
489 2020 621 2105 nobiles,
643 2021 797 2105 ignobiles
819 2022 936 2089 diversi
957 2042 1053 2089 sexus
1073 2020 1125 2088 vel
1146 2022 1260 2088 aetatis
1278 2018 1472 2089 intericiun-

304 2142 367 2223 tur,
391 2138 499 2224 quanti
521 2138 710 2221 cruciantur,
731 2142 769 2205 ut
789 2138 927 2223 tradam
951 2139 979 2205 si
1001 2139 1077 2225 quid
1099 2139 1170 2205 auri
1190 2138 1243 2207 sel
1261 2138 1383 2223 argenti
1396 2158 1473 2226 pro-

304 2254 409 2342 prium
431 2253 483 2321 rel
505 2254 750 2321 ecclesiasticum
771 2254 923 2339 babeant3
946 2261 979 2322 et
1000 2255 1086 2340 dum,
1109 2274 1191 2341 quae
1208 2254 1335 2339 ament,
1356 2274 1473 2340 urgen-

304 2372 389 2439 tibus
410 2372 502 2459 penis
523 2370 647 2439 bailius
670 2372 761 2457 dant,
787 2372 904 2438 iterum
926 2371 1104 2439 crudelibus
1126 2372 1293 2438 tormentis
1314 2371 1473 2440 oblatores

304 2494 432 2575 urgent,
461 2492 661 2556 autumantes
691 2488 860 2575 quamdam
884 2496 1010 2577 partem
1036 2508 1101 2557 non
1126 2492 1229 2555 totum
1254 2488 1409 2572 oblatum3
1439 2496 1475 2557 et

305 2610 422 2693 quando
443 2605 515 2693 plus
538 2606 625 2691 dant,
647 2611 735 2673 tanto
751 2606 886 2695 amplius
902 2606 1082 2693 quempiam
1096 2605 1213 2673 babere
1226 2604 1366 2672 credunt
1399 2604 1474 2674 Non

303 2722 459 2791 infirmior
480 2743 585 2809 sexus,
612 2743 677 2790 non
698 2723 907 2791 consideratio
927 2722 1112 2807 nobilitatis,
1137 2741 1202 2789 non
1221 2722 1401 2789 reverenda
1419 2742 1475 2789 aa·

304 2839 488 2925 oerdotalis,
515 2860 578 2907 non
605 2840 772 2907 monastici
792 2838 919 2906 babitus
940 2844 1076 2905 aterum
1095 2838 1328 2907 crudelissimas
1349 2845 1474 2907 mentes

305 2976 414 3024 eorum
435 2958 575 3042 mitigat3
599 2958 676 3042 quin
695 2956 761 3023 imo
782 2955 829 3023 ibi
850 2961 1081 3040 exaggerantur
1093 2958 1144 3023 ira
1157 2956 1282 3041 luroris,
1304 2956 1360 3025 nbi
1373 2956 1474 3023 bono-

305 3092 373 3139 rem
400 3076 599 3161 conspiciunt
626 3072 800 3156 dignitatis.
836 3072 952 3139 Scnilis
979 3073 1146 3141 maturitas
1172 3078 1266 3159 atquc
1292 3074 1476 3142 veneranda

305 3189 453 3272 canities,
488 3208 567 3274 quae
600 3190 752 3255 cesariem
784 3189 897 3277 capitis
929 3196 967 3256 ut
995 3189 1104 3257 lanam
1136 3190 1301 3257 candidam
1334 3190 1475 3277 dealbat,

303 3303 425 3373 nullam
447 3304 507 3373 sibi
529 3306 570 3373 ab
590 3306 732 3373 hostibus
754 3306 1004 3374 misericordiam
1025 3306 1181 3389 vindieat3
1202 3306 1352 3393 parrulos
1374 3309 1477 3375 etiam

304 3422 344 3489 ab
366 3421 514 3490 uberibus
536 3424 687 3491 maternis
704 3425 841 3511 rapiens,
863 3423 1017 3491 barbarus
1031 3422 1119 3489 furor
1132 3424 1291 3491 insontem
1303 3423 1477 3493 infantiam

304 3538 396 3605 elidit
423 3540 464 3605 ad
490 3544 617 3606 terram
655 3539 824 3627 impletum
849 3545 899 3607 est
919 3559 1018 3624 nuno,
1047 3538 1131 3626 quod
1153 3539 1230 3606 olim
1250 3539 1358 3607 Iudaei
1379 3560 1476 3609 eane

303 3655 396 3723 bant:
420 3658 508 3723 Dicit
528 3659 678 3739 baimiaco,
702 3659 866 3725 iacmderc
887 3682 971 3724 mma
985 3660 1071 3750 fiae-e
1092 3669 1122 3723 et
1137 3658 1289 3745 poematos
1308 3680 1397 3725 meos
1418 3662 1476 3725 sti·

302 3796 411 3839 mmm
439 3776 483 3839 ud
508 3767 632 3839 tmaa'.
665 3773 703 3839 ln
731 3773 882 3841 aedificiis
910 3778 1017 3841 autem
1044 3792 1231 3858 magnaram
1256 3772 1475 3859 eodeeiarum,

298 3890 483 3972 domorum,
517 3889 694 3974 civitatum,
723 3890 777 3958 ubi
804 3888 1003 3958 incendium*
1030 3874 1253 3957 dannationis
1279 3911 1337 3978 per
1364 3892 1474 3977 ignem

302 4006 407 4073 facere
428 4026 492 4071 non
513 4013 656 4094 possunt,
684 4008 823 4095 parietes
845 4006 912 4075 solo
935 4012 1080 4094 aequm
1101 4013 1139 4074 ut
1157 4026 1244 4075 nuno
1264 4008 1398 4095 antiqua
1417 4008 1474 4076 illa

304 4122 487 4211 speciositas
511 4120 723 4189 aedificiorum
746 4144 806 4190 nec
826 4124 901 4210 quid
923 4124 1020 4191 fuerit
1040 4144 1170 4213 prorsus
1192 4130 1354 4213 appareat

374 4274 857 4330 ιιιιιιιιιιαιηιιιιιισιωοη
916 4276 1470 4335 animumne-aumas

374 4370 400 4425 1.
418 4368 481 4424 aar.
493 4370 537 4439 os,
550 4371 592 4425 11.
664 4372 691 4426 ι.
708 4370 753 4426 Pa
767 4368 909 4440 reo-r.
978 4372 1006 4427 a
1024 4370 1117 4428 ruera
1137 4372 1178 4441 ra
1195 4373 1223 4427 a
