3117 4859
467 443 608 502 1148

476 2679 614 2736 1148

648 282 774 348 166
1342 297 1643 346 mum
1682 296 2057 346 nrrsrom
2094 297 2173 345 sa.
2203 296 2281 344 ss.

643 440 982 529 inponetis,
1026 445 1102 507 ιιι
1144 439 1438 507 videlieet
1479 445 1693 507 vestro
1736 438 2087 526 privilegio,
2134 459 2296 526 quae
2334 440 2401 506 in
2441 440 2561 507 hae
2587 439 2974 508 memorabili

645 559 914 625 duarum
971 556 1416 625 aecclesiarum
1473 557 1910 624 coniunctione
1952 560 2167 623 vestra
2208 557 2624 644 permissione
2664 557 2977 643 utrimque

646 674 885 763 scripta
939 673 1042 741 vel
1105 674 1276 741 faeta
1330 677 1507 758 sunt,
1576 673 1659 740 ad
1714 678 2087 761 perpetuam
2142 691 2571 740 suecessorum
2624 679 2979 741 nostrorum

643 791 1015 859 memoriam
1071 787 1452 857 eonfirmetis
1509 793 1574 857 et
1623 789 1743 856 hoe
1784 790 2216 856 testimonium
2259 790 2329 856 in
2369 796 2638 877 utraque
2682 789 2984 857 aeeclesia

647 909 981 994 diligenter
996 956 1016 991 ‚
1092 906 1256 972 sieut
1319 926 1456 972 rem
1524 905 1781 991 dig-nam
1845 907 2180 992 memoria,
2248 908 2607 974 conservari
2672 906 2983 994 precipia-

647 1026 749 1093 tis.
885 1021 1343 1089 Niehilominus
1402 1042 1647 1108 quoque
1702 1042 2028 1108 rogamus,
2086 1029 2189 1109 ut,
2251 1025 2547 1110 quoniam
2606 1024 2691 1090 ad
2731 1022 2982 1090 laudem

646 1142 768 1209 Dei
827 1145 892 1208 et
949 1139 1031 1206 ad
1079 1139 1431 1206 remedium
1476 1140 1829 1206 animarum
1872 1146 2233 1207 nostrarum
2277 1140 2440 1208 hane
2480 1140 2986 1207 coniunctionem

645 1256 786 1324 fieri
851 1255 1307 1343 postulavimus
1320 1305 1339 1341 ‚
1408 1256 1645 1323 sanetis
1708 1256 1902 1325 etiam
1960 1257 2246 1345 patronis
2298 1256 2627 1342 utriusque
2685 1256 2987 1323 eeclesiae

649 1372 1053 1439 alterutrum·
1099 1371 1321 1455 dignos
1363 1371 1633 1440 honores
1662 1373 1921 1460 inpendi
1950 1372 2367 1458 constituatis,
2415 1374 2733 1459 quatinus,
2783 1374 2897 1459 qui
2922 1372 2989 1439 in

647 1494 914 1575 utraque
959 1489 1261 1557 aeeclesia
1293 1509 1543 1556 oramus
1574 1509 1690 1577 pro
1719 1490 1988 1558 invicem
2018 1494 2092 1556 ut
2119 1489 2453 1575 salvemur,
2497 1490 2731 1556 iunctis
2762 1491 2989 1555 utrim-

650 1625 771 1693 que
824 1607 1193 1693 patrociniis
1249 1606 1333 1673 ad
1386 1604 1883 1691 eonsequendam
1942 1606 2213 1674 salutem
2272 1626 2461 1694 quam
2506 1607 2837 1692 querimus
2883 1606 2989 1673 ad-

649 1724 952 1790 iuvemur.
1021 1721 1276 1790 Plaeeat
1328 1742 1478 1807 ergo
1534 1722 1713 1789 vobis
1729 1772 1748 1807 ,
1804 1728 1879 1789 ιιι
1929 1723 2009 1790 ob
2050 1722 2548 1791 recordationem
2591 1723 2990 1810 posteritatis

650 1841 900 1925 siguum
943 1838 1198 1925 aliquod
1241 1844 1306 1907 et
1347 1838 1712 1906 memoriale
1756 1839 1825 1905 in
1868 1838 2211 1907 festivitate
2251 1841 2579 1926 utriusque
2619 1841 2888 1927 patroni
2915 1840 2990 1908 de

649 1957 1146 2045 possessionibus
1202 1956 1530 2041 utriusque
1588 1954 1886 2023 eeclesiae
1943 1958 2235 2024 statuatis
2292 1962 2358 2024 et
2411 1956 2530 2024 hoe
2586 1956 2803 2024 studio
2861 1958 2990 2044 pie-

648 2074 798 2141 tatis
852 2079 987 2141 tam
1040 2079 1319 2141 vestram
1372 2093 1563 2160 quam
1617 2078 2029 2160 patronorum
2070 2075 2441 2142 memoriam
2486 2074 2655 2161 apud
2699 2074 2989 2141 subditos

649 2195 890 2259 vestros
933 2195 1304 2278 perpetuam
1346 2189 1615 2257 faciatis.

657 2418 779 2490 93.
830 2422 1217 2489 Corbeo'emes
1257 2423 1540 2489 Wibaldo
1583 2424 1856 2489 sor-ibunt
1898 2422 1977 2488 de
2006 2423 2255 2489 insaniis
2284 2423 2403 2489 sibi
2441 2422 2644 2489 cuasa.
2710 2422 2988 2509 Royant,

823 2540 1052 2605 redeat.
2706 2535 2825 2618 (Μ.
2863 2537 2990 2619 77.)

827 2670 1169 2739 Carissimo
1211 2672 1382 2760 patri
1426 2676 1491 2740 et
1522 2672 1778 2739 domino
1807 2669 2152 2739 venerabili
2181 2669 2546 2739 corbeiensi
2590 2670 2812 2739 abbati
2835 2669 2993 2753 W(i-

650 2789 862 2874 baldo)
907 2789 983 2856 E.
1008 2790 1202 2877 prior,
1247 2787 1680 2873 A(delbertus)
1724 2788 2082 2876 prepositus
2128 2787 2443 2873 ceterique
2485 2786 2713 2854 iratres
2760 2793 2832 2855 et
2874 2786 2990 2853 mi-

650 2906 1007 2975 nisteriales
1051 2905 1445 2974 Gorbeiensis
1491 2903 1849 2989 aecclesiae,
1895 2903 2191 2991 quiequid
2233 2904 2406 2990 patri
2460 2902 2687 2971 dilecto
2730 2901 2878 2989 filii,
2929 2908 2992 2971 et

651 3024 905 3092 domino
946 3021 1164 3090 fideles
1207 3022 1392 3090 servi.

831 3139 1033 3215 Quam
1077 3159 1223 3224 egre
1266 3144 1332 3207 et
1375 3157 1565 3224 quam
1608 3137 1888 3223 graviter
1929 3140 1996 3203 et
2038 3156 2230 3221 quam
2271 3134 2751 3203 intolerabiliter
2801 3138 2990 3204 susti-

659 3276 913 3323 neamus
968 3260 1103 3321 tam
1149 3255 1510 3322 diuturnam
1565 3254 1763 3322 vestri
1806 3253 2188 3338 absentiam,
2234 3273 2361 3319 non
2405 3272 2739 3339 possumus
2786 3273 2988 3339 neque

659 3375 956 3439 audemus
1023 3373 1106 3440 ad
1168 3366 1523 3460 perfeetum'
1572 3370 1749 3439 vobis
1803 3371 2158 3455 insinuare,
2219 3390 2303 3437 ne
2357 3369 2522 3436 forte
2575 3369 2876 3437 nimietas
2929 3375 2990 3436 et

659 3489 1098 3575 impul-tunitius
1154 3494 1374 3557 nostra
1429 3488 1946 3575 equanimitatem
1997 3492 2276 3554 vestram
2331 3486 2556 3553 debeat
2597 3487 2984 3573 perturbare.

663 3607 1104 3673 Uerumtamen
1146 3605 1471 3690 noveritis,
1519 3606 1688 3691 quod
1730 3604 2033 3671 aeeclesia
2073 3608 2311 3687 nostra,
2358 3622 2549 3687 quam
2590 3603 2897 3670 tuendam
2930 3608 2991 3669 et

659 3727 994 3807 regendam
1037 3723 1106 3790 in
1149 3728 1432 3810 tempore
1475 3720 1902 3789 tribulationis
1946 3741 2098 3787 suae
2133 3719 2518 3807 suscepistis,
2565 3725 2630 3786 et
2656 3739 2850 3805 quam
2878 3741 2988 3807 per

659 3839 1152 3907 miser-inordiam
1180 3837 1304 3906 Dei
1346 3840 1425 3907 de
1467 3837 1687 3906 multis
1730 3836 2049 3905 laboribus
2078 3836 2453 3905 sublevastis
2499 3841 2564 3902 et
2602 3856 2717 3923 per
2757 3837 2986 3904 multos

659 3959 901 4024 labores
953 3962 1198 4024 vestros
1248 3956 1529 4023 honestis
1572 3953 2013 4022 incrementisb
2060 3975 2101 4021 a
2141 3954 2245 4021 die
2288 3952 2699 4040 promotionis
2743 3959 2985 4021 vestrae

663 4077 1118 4143 ins-fluestimentero
1146 4073 1493 4161 provehere
1537 4071 1890 4156 studuistis,
1934 4071 2090 4138 haee
2129 4070 2200 4137 in
2246 4069 2532 4138 absentia
2576 4075 2789 4137 vestra
2831 4069 2985 4138 mul-

663 4203 791 4255 ιιιιιι
839 4195 965 4259 ism
1005 4188 1382 4259 tribulatur*
1424 4194 1506 4273 et,
1553 4189 1613 4256 si
1656 4188 1890 4273 absque
1934 4187 2235 4255 dilatione
2282 4188 2341 4254 ei
2382 4205 2510 4253 uon
2555 4186 2981 4270 subveneritis,

664 4311 855 4375 muli-[i
901 4307 1172 4395 amplius
1207 4304 1631 4373 tribulabitur.
1703 4303 2028 4391 Siquidem
2058 4304 2322 4371 domnus
2351 4302 2724 4388 Folewinus‚
2769 4304 2839 4370 in
2866 4321 2980 4389 quo

803 4447 843 4479 ιι,
887 4450 944 4479 aa
976 4432 1351 4493 alterutrimquo?
1478 4430 1525 4478 b.
1565 4427 1833 4478 incenoffitin
1867 4447 1907 4476 ο.
2030 4442 2070 4476 c.
2109 4429 2411 4476 iudicinentet
2441 4446 2482 4475 e.
2603 4428 2653 4475 d.
2682 4424 2915 4489 ffbfildm·
2940 4444 2978 4473 c·
