3117 4859
378 272 681 324 onnoroceurrrns
703 271 926 323 conecterem
1191 253 1234 320 4?

62 415 167 484 omno
185 413 255 485 illis
276 437 408 486 nmnsro
429 423 463 486 et
483 417 671 485 fortitudine
692 415 931 503 comparabiles,
955 415 995 482 ob
1018 415 1101 501 quod
1122 419 1155 483 et
1168 413 1236 482 iuc-
1281 419 1351 474 1146

61 537 134 600 nnc
154 533 262 618 multi,
283 534 367 600 sicin
388 539 421 602 et
442 535 517 601 sciri
539 539 646 621 potest
665 554 724 619 per
744 533 864 600 iactum
879 533 1020 600 omnium
1034 551 1114 618 pene
1130 531 1235 615 cogni-
1252 493 1300 540 M
1313 492 1378 540 m

62 649 142 715 tioni
164 653 357 716 conscrtnnu

149 764 235 833 Nam
250 767 334 834 cives
347 765 434 851 ville,
457 785 539 852 quae
552 766 788 854 provinciarum
803 765 938 832 duarum
952 763 1065 830 harum
1080 761 1236 831 Seroniae

63 899 99 948 ec
118 881 294 967 Turingice
314 881 394 951 fines
415 883 625 967 &nminat
647 883 803 966 Dhuwige
825 883 962 966 nomine,
986 900 1058 948 cum
1072 879 1238 964 ᾱθιίςιιιιι

62 1003 153 1066 nocte
175 1001 400 1084 cognovissent
419 999 492 1067 illos
514 1000 557 1066 ad
578 1020 612 1066 ee
633 1000 743 1066 venire
764 998 951 1080 decrevisse,
974 997 1080 1084 plures
1096 999 1132 1064 in
1146 997 1237 1064 auxi-

62 1113 139 1180 lium
168 1135 264 1182 suurn
286 1117 487 1184 adsciverunt
508 1123 541 1185 et
562 1116 645 1183 clam
666 1116 700 1181 in
723 1114 889 1183 ecclesiam
910 1119 1089 1181 statuerunt
1111 1119 1144 1181 et
1166 1133 1236 1180 earn

64 1231 301 1318 caporum,
323 1238 370 1317 ut,
392 1234 448 1301 nbi
467 1233 575 1300 hones
596 1233 751 1316 renuent,
773 1231 856 1298 douo
878 1231 984 1297 divino
1001 1231 1137 1317 aliquem
1150 1232 1237 1318 ipso-

63 1367 133 1414 rum
155 1349 266 1416 vivum
288 1355 447 1443 caperent„
469 1370 528 1437 per
549 1369 644 1436 quem
664 1349 803 1434 reliquos
826 1348 907 1415 sciro
921 1348 1071 1414 valerent.
1100 1347 1236 1415 Venien-

63 1464 147 1532 tibus
170 1485 248 1549 ergo
269 1465 344 1550 illie,
367 1472 418 1534 set
437 1487 503 1534 non
524 1468 636 1534 ut-isti
650 1465 813 1549 obtabant,
836 1463 877 1531 ed
892 1464 1056 1532 ecclesiam
1071 1465 1236 1531 unanimes

3 1640 4 1643 ,
64 1587 95 1648 ot
115 1581 214 1648 simul
236 1582 405 1667 accedun,
428 1587 461 1650 ot
482 1603 541 1650 nec
561 1603 669 1649 morae
691 1582 747 1648 isti
767 1581 979 1648 intersticium
1001 1587 1174 1668 captantes,
1198 1581 1237 1648 dc

9 1704 20 1732 ⁶
64 1699 219 1765 cimiterio
241 1699 348 1766 fundis
370 1704 403 1766 et
423 1699 536 1768 iaculis
558 1719 596 1766 oc
616 1697 734 1766 lanceis
756 1698 906 1764 eminant
945 1696 996 1763 [lli
1018 1718 1103 1782 ergo,
1127 1697 1237 1784 cupul-

3 1880 4 1885 ,
64 1815 186 1882 nonem
199 1815 252 1881 sui
264 1815 460 1902 mpacicnter
472 1817 620 1899 ferentes,
642 1814 718 1882 forti
733 1815 847 1882 annisu
861 1813 1056 1898 restiterunt,
1079 1818 1112 1881 ct
1124 1815 1237 1880 utrim-

65 1951 124 2017 que
146 1932 337 1999 acerrimum
354 1951 494 2019 pugnarn
508 1937 540 1998 ct
554 1931 710 1999 diutinam
724 1933 803 1998 eatis
818 1935 1052 2014 conseruerunt
1075 1916 1238 2016 quousque

66 2053 96 2114 ct
115 2049 217 2115 torcio
238 2048 430 2116 cimiterium
451 2048 515 2133 illi,
543 2049 653 2116 inritis
674 2049 761 2133 istis,
791 2048 1015 2131 obtinuissent,
1043 2051 1075 2114 ct
1097 2047 1137 2114 de
1158 2047 1239 2133 ipsis

3 2148 4 2153 ἵ
65 2162 208 2231 toefibus
228 2185 329 2231 unum
350 2165 517 2232 demtum
538 2165 641 2232 solnm
662 2185 743 2252 pene
760 2166 940 2233 occiderent
954 2170 986 2230 et
999 2169 1159 2250 caperent,
1183 2165 1238 2250 qui

3 2326 4 2359 ι
67 2280 236 2348 etOuliko
258 2281 298 2348 do
319 2281 390 2349 vico
413 2283 491 2349 satis
513 2281 686 2349 maiusculo
708 2281 890 2349 Dhiuncthe
911 2281 1038 2348 nomino
1056 2281 1236 2348 vocabatur.

3 2458 4 2473 1
66 2395 232 2483 &liceum
253 2418 329 2464 vero
351 2399 436 2466 vitae
459 2419 534 2466 suae
556 2399 742 2483 crurifragio
765 2399 945 2465 adimcrunt
958 2403 991 2465 et
1005 2397 1139 2464 duorum
1153 2417 1238 2464 corn-

3 2516 4 2519 ’
67 2511 185 2599 plicum
211 2533 356 2597 enorum,
385 2515 420 2580 in
446 2515 542 2581 unius
570 2515 739 2602 comperti·
761 2514 845 2598 loco,
873 2535 937 2580 non
963 2515 1074 2580 eodem
1096 2519 1239 2600 temporo

68 2634 115 2696 oct
135 2634 210 2716 post
230 2629 425 2716 aliquantulo
448 2651 585 2698 emoneo.
654 2630 794 2715 Contigit
813 2635 928 2714 antem,
952 2649 992 2696 ox
1007 2629 1057 2695 his
1072 2629 1239 2716 plerosque

3 2808 4 2823 2
68 2746 176 2813 eodem
204 2767 288 2814 anno
317 2751 350 2812 et
377 2746 488 2813 eodem
514 2747 666 2815 tormenti
691 2747 785 2813 modo
813 2745 934 2813 nobiles
962 2746 1056 2830 satis,
1086 2749 1239 2831 qnantum

69 2862 108 2928 ud
129 2862 303 2930 eccmrcm
328 2863 549 2949 propaginem,
577 2864 757 2948 matos,
787 2869 819 2931 ct
845 2862 1011 2930 nonnullos
1040 2868 1239 2928 cutenorum

3 2960 5 2969 ’
69 2980 301 3064 ρισιίιιιὶιιιιιιιι
337 2984 393 3046 ant
429 2980 526 3047 etiam
562 2981 727 3064 regionum
763 2979 874 3067 procul
910 2980 1085 3066 positorum
1121 2977 1240 3065 petisse

3 3102 4 3105 ’
69 3093 207 3162 latibula

3 3286 5 3303 p
154 3211 278 3279 Eodem
296 3232 378 3279 anno
393 3211 504 3280 noctob
518 3213 617 3280 feriae
632 3217 764 3298 quartae
785 3212 894 3279 huius:
918 3216 938 3281 6
955 3211 1024 3280 Kal.
1038 3211 1119 3296 Iulii
1141 3211 1241 3278 irater
1256 3226 1304 3275 nn.
1316 3228 1346 3275 cc

3 3380 4 3391 ι
71 3327 196 3413 qnidam
217 3328 312 3395 huius
333 3329 457 3396 cenobii
478 3349 551 3396 curn
573 3334 697 3395 oratum
719 3329 797 3397 isset
819 3329 853 3396 in
876 3330 1010 3415 criptum
1034 3329 1075 3395 ed
1091 3326 1241 3412 suffragia

71 3445 178 3512 urticae
204 3450 331 3529 sancte,
361 3446 498 3532 peractis
522 3445 588 3512 iam
610 3445 846 3514 nocturnalibus
870 3445 1070 3532 collenpniis‚
1098 3451 1130 3512 et
1152 3451 1239 3512 stans

2 3638 4 3655 Ι
72 3561 164 3628 otim
184 3560 386 3628 reclinatorio
409 3565 539 3645 semoto,
562 3567 692 3648 repente
706 3562 810 3629 visum
826 3567 875 3629 cst
889 3562 960 3647 sibi,
984 3583 1018 3630 sc
1031 3567 1159 3649 raptum
1172 3563 1241 3628 fore

3 3754 5 3773 ἶ
71 3675 106 3742 in
130 3678 323 3764 presentiam
346 3677 468 3744 domini
488 3679 591 3744 nostri
613 3677 840 3764 lenocinari,
869 3679 1007 3746 sedentis
1028 3679 1064 3746 in
1086 3678 1241 3765 superiori

3 3830 5 3835 ·
72 3797 105 3859 ct
125 3794 252 3862 ediciori
273 3793 342 3862 loco
357 3793 446 3862 coeli.
481 3793 561 3862 cum
575 3795 682 3862 omnia
695 3795 800 3862 forent
814 3795 1021 3862 circumfuso⁰
1036 3793 1241 3862 inenambili

3 3960 5 4001 ᾗ
72 3907 150 3976 lucis
169 3910 329 3996 claritate,
356 3909 445 3978 nulla
467 3931 528 3997 que
548 3911 675 3978 fucrant
694 3911 741 3979 ibi
763 3911 890 3979 valebat
911 3911 1107 3999 conspicere,
1134 3917 1241 3998 preter

3 4030 4 4111 ζ
74 4026 155 4110 quod
173 4027 229 4094 lux
250 4028 290 4095 de
311 4027 449 4094 Domino
470 4047 552 4114 pene
565 4027 738 4094 inedicibili
751 4029 846 4095 modo
861 4027 1065 4116 procedebat;
1089 4025 1240 4113 exempli-

74 4139 146 4208 ficat
164 4149 271 4211 tamen
293 4180 335 4190 -
360 4144 420 4212 etei
442 4163 507 4210 non
528 4145 667 4230 proprie,
691 4145 846 4231 quomodo
870 4151 975 4212 autem
997 4145 1082 4212 velot
1104 4144 1240 4230 quadam

76 4261 366 4347 comparatione-
390 4261 452 4344 sic,
482 4260 573 4346 quasi
598 4261 638 4328 de
659 4262 795 4330 furnario
816 4263 922 4329 fumus
946 4267 1000 4328 aut
1020 4262 1104 4346 iguis
1127 4261 1166 4328 de
1188 4280 1240 4328 ca·

142 4415 161 4449 c.
175 4406 283 4465 comperti
297 4407 384 4465 sapei
394 4421 439 4462 pro
454 4403 554 4464 competi
569 4421 589 4451 c.
650 4403 673 4450 b.
688 4407 757 4452 nocte
774 4405 866 4454 addidi.
929 4417 948 4452 c.
964 4403 1105 4452 cium
1119 4423 1139 4452 ι.
