3117 4859
335 262 401 331 202
716 283 865 333 wmarnr
885 284 1050 335 nemnem
1072 284 1124 333 rm.

236 426 317 549 dieb
332 425 413 512 pelio
436 426 511 491 dicit
531 426 618 493 bento
633 426 743 493 Petro:
767 428 999 518 »Quodcunque
1019 430 1162 517 lipooeris
1182 450 1275 515 asper
1293 438 1416 509 rmum,
1438 427 1491 491 erit

333 541 462 628 Equam
484 553 513 607 ot
533 544 567 607 in
589 544 696 632 coelis,
727 558 756 612 et
783 548 985 636 quodamque
1011 546 1136 612 solveris
1162 568 1256 632 serpes·
1277 554 1408 625 terrum,
1439 544 1491 607 orit

332 656 463 722 miratum
487 670 515 724 ot
536 661 570 725 in
592 657 728 727 coelest.
768 662 894 750 »Super
916 673 1048 727 terrem·
1071 662 1179 750 inquit,
1200 684 1264 726 non
1285 661 1360 727 »sut
1382 670 1491 739 mm«,

332 775 479 862 posonium
505 777 636 842 oioentm
664 790 693 843 ot
720 802 783 844 non
809 780 924 844 mortni
949 778 1057 844 debent
1084 777 1341 842 enoommunioosi
1367 774 1417 840 oei
1442 774 1492 839 ub·

330 890 415 956 soioi.
451 890 497 957 Et
519 891 666 959 Solanon
689 896 750 961 ait:
774 895 833 961 »Si
855 896 996 960 occiderit
1016 894 1134 981 Qum
1155 894 1199 959 ud
1219 904 1358 959 nmirum
1380 901 1436 956 out
1454 888 1496 955 ud

332 1008 514 1095 oquilmem
537 1010 570 1074 in
586 1032 766 1100 peomnquo
779 1011 846 1077 looo
862 1012 1013 1092 reciderit,
1028 1012 1073 1077 ibi
1086 1003 1184 1076 erit-².
1217 1008 1310 1090 Quod
1321 1005 1497 1073 Hiezemioi

324 1123 481 1211 propheto
503 1126 606 1191 mauis
626 1128 726 1193 serbis
743 1151 781 1194 oo
794 1128 948 1193 sententiis
962 1127 1117 1214 explanat,
1138 1137 1174 1191 ut
1186 1128 1221 1193 in
1233 1126 1330 1213 ipsias
1343 1123 1497 1189 oohmiu

329 1240 496 1321 invenietis,
514 1244 615 1335 fineen
635 1244 713 1309 oitoo
727 1246 761 1309 in
775 1246 890 1310 orandis
911 1266 1049 1309 mserum
1064 1244 1168 1331 potitos
1181 1241 1385 1308 indicandum
1406 1260 1497 1329 quom

329 1358 451 1423 oiosndi
472 1360 642 1447 principio.
688 1361 784 1427 Bruti
804 1360 920 1427 Leonis
941 1382 1051 1447 popae
1078 1370 1107 1425 ot
1133 1361 1232 1425 eunom
1254 1356 1374 1423 Geiusii
1391 1376 1497 1443 popm

327 1474 477 1540 sommia
500 1486 560 1540 est:
583 1477 723 1559 »Quibus
743 1480 820 1545 oiois
833 1500 897 1542 non
912 1478 1178 1558 communicamus,
1201 1497 1258 1540 noo
1270 1475 1403 1539 mortuis
1417 1494 1496 1539 oom-

327 1590 486 1657 muniouro
503 1614 697 1679 possamus«.
734 1592 874 1659 Proinde
894 1603 1017 1658 nostrae
1033 1594 1186 1680 paruisti
1207 1612 1394 1679 consequens
1415 1588 1496 1655 oide-

327 1717 386 1789 tnr,
409 1718 453 1790 nt,
476 1731 553 1797 quos
574 1710 658 1774 oioos
681 1732 702 1773 o
723 1712 935 1775 communione
949 1708 1117 1775 christiam
1130 1730 1194 1774 non
1207 1707 1422 1787 mmmmm
1444 1724 1497 1769 neo

325 1834 462 1890 mortuos
491 1828 792 1891 eooommunioemus.
838 1826 957 1892 Medae
982 1826 1094 1914 poleos
1118 1835 1189 1889 sunt
1208 1825 1243 1889 in
1265 1845 1358 1904 areu,
1390 1823 1497 1911 quibat

325 1942 455 2008 nondum
478 1945 603 2010 occessit
623 1943 834 2008 ventilabrum.
865 1940 982 2009 Verum
1003 1940 1037 2007 in
1059 1939 1109 2006 bis
1132 1943 1165 2005 et
1184 1936 1365 2005 huiusmodi
1385 1935 1495 2005 exhor·

324 2056 496 2125 talionibus
518 2062 584 2125 tres
605 2056 654 2125 illi
675 2077 763 2124 more
781 2056 900 2144 aspidis
918 2057 1031 2125 surdae
1053 2061 1086 2123 et
1105 2055 1280 2123 obturantis
1296 2074 1392 2122 aures
1408 2047 1496 2121 suns*

324 2194 388 2242 non
411 2174 581 2242 audiebant
600 2194 709 2241 uoeem
731 2168 948 2259 incantantis⁴,
972 2178 1021 2240 set
1043 2174 1176 2241 orabant
1197 2172 1331 2257 enixius,
1353 2192 1398 2239 ne
1419 2172 1494 2259 ipsis

323 2290 506 2359 uiolentiam
528 2291 731 2376 inferremus,
760 2295 945 2376 asserentes,
969 2290 1131 2357 dominum
1151 2288 1242 2356 illum
1262 2308 1327 2356 non
1348 2282 1423 2357 esse
1444 2288 1495 2356 ab

323 2408 429 2476 batem
456 2407 683 2476 nominandum
710 2426 768 2475 nee
794 2408 828 2474 in
856 2407 1005 2475 abbatum
1030 2428 1161 2474 numero
1194 2406 1408 2494 reputandum
1439 2424 1494 2493 pro

324 2546 371 2609 ee,
396 2525 480 2611 quod
502 2524 664 2593 dominum
686 2544 779 2590 suum
802 2523 982 2611 deposuerit
1003 2528 1036 2591 et
1048 2524 1083 2591 in
1097 2523 1171 2591 sede
1183 2543 1242 2590 sua
1255 2522 1375 2590 sederit
1388 2526 1494 2590 senua

322 2661 468 2709 oenones.
543 2640 671 2709 Etenim
692 2640 854 2707 karissimi
868 2640 992 2725 iratres,
1015 2641 1099 2727 quod
1113 2640 1206 2707 inviti
1219 2639 1390 2725 loquimur,
1414 2636 1494 2726 apud

323 2760 448 2826 eosdem
470 2758 585 2825 iratres
608 2794 650 2805 -
675 2758 756 2824 sieut
777 2757 811 2823 in
833 2756 992 2844 plerisque
1006 2756 1153 2824 claustris
1168 2776 1248 2843 quae
1261 2756 1369 2841 regiae
1384 2753 1493 2823 ditioni

322 2880 355 2941 et
376 2875 568 2943 ordinationi
591 2874 732 2941 subiecta
753 2878 828 2940 sunt
842 2908 884 2920 —
900 2872 1006 2940 nullm
1028 2873 1068 2941 de
1089 2872 1199 2958 regula
1216 2892 1330 2956 sermo,
1352 2872 1444 2939 nulla
1456 2870 1491 2937 ds

322 2992 546 3058 eonsuetudine
568 2989 749 3057 Caeninensi
771 2988 822 3057 vel
844 2988 1042 3057 cluniacensi
1070 3010 1127 3058 seu
1156 2989 1356 3075 antiquorum
1385 3008 1491 3056 mona·

323 3108 490 3174 steriorum
511 3108 644 3191 mentio,
673 3111 722 3174 set
743 3126 895 3191 oenones,
922 3107 1062 3192 decreta,
1086 3106 1327 3195 appellationes,
1351 3105 1490 3187 eoncilia,

322 3222 407 3306 inre,
430 3222 531 3306 leges,
554 3222 868 3311 mndempnationes,
890 3223 1040 3309 taliones,
1063 3228 1258 3308 argumenta,
1279 3224 1489 3310 probationes,

322 3337 541 3405 infamationes
570 3340 695 3406 assidue
721 3340 907 3426 loquuntur,
938 3339 1066 3407 cottidie
1092 3360 1190 3407 nouos
1218 3339 1365 3424 abbates,
1397 3357 1489 3407 noros

322 3455 443 3541 priores
467 3454 582 3523 habere
605 3456 792 3524 desiderant
834 3455 947 3523 Nullus
968 3458 1159 3544 prepositus,
1181 3455 1287 3523 nullus
1310 3456 1487 3525 cellerarius

321 3569 446 3657 plaeere
468 3576 581 3658 potest
611 3571 717 3657 Panis,
741 3574 885 3657 cervisia,
909 3574 1107 3660 pulmentum
1129 3593 1254 3660 semper
1269 3574 1305 3639 in
1319 3572 1418 3662 eulpa
1435 3576 1486 3641 eat

320 3686 545 3772 villicationes,
558 3687 708 3755 beneficia
720 3690 902 3776 principum
915 3696 947 3756 et
960 3690 1215 3757 ministerialium
1230 3690 1389 3757 ordinant
1408 3691 1487 3759 Hm

320 3803 425 3891 prima
451 3804 486 3869 in
511 3804 649 3891 capitulo
677 3806 802 3872 dicendi
826 3806 937 3889 initia,
964 3806 999 3872 in
1021 3806 1071 3873 bis
1093 3806 1178 3873 diem
1199 3813 1399 3875 consumunt
1443 3805 1486 3873 De

320 3919 476 4002 moribus,
503 3920 542 3986 de
563 3920 725 4006 religione,
749 3922 789 3988 de
810 3922 966 4009 patientia
987 3928 1019 3989 et
1040 3922 1229 4009 humilitate,
1253 3924 1292 3991 de
1314 3924 1486 3993 obedientia

321 4040 353 4102 et
374 4036 505 4102 cantate
527 4036 648 4102 nullum
664 4058 805 4125 unquam
818 4039 964 4121 terbum3
988 4039 1027 4107 (le
1041 4041 1159 4107 vestitu
1172 4041 1346 4126 moderato,
1368 4042 1410 4109 de
1423 4047 1483 4108 ton·

321 4170 396 4217 sura
424 4157 457 4219 et
482 4154 607 4220 ineessu
633 4173 762 4241 prorsus
786 4156 927 4222 extincta
947 4159 1101 4225 memoria
1122 4164 1180 4225 est
1226 4157 1270 4225 Et
1290 4177 1364 4225 eum
1386 4156 1484 4225 omnis

321 4266 372 4333 die
393 4286 430 4334 ao
451 4274 542 4335 nnete
563 4274 759 4355 pervertant,
786 4275 949 4358 tamquam
970 4292 1115 4342 censores
1137 4278 1170 4341 et
1190 4274 1335 4343 homines
1357 4276 1481 4359 cutm

391 4398 417 4451 1.
434 4398 531 4455 men.
544 4400 587 4470 1s,
601 4398 645 4455 1e.
716 4402 741 4458 a.
761 4400 852 4461 noos
866 4404 909 4474 11,
922 4404 948 4458 s.
1020 4406 1047 4463 e.
1065 4406 1110 4465 ra
1123 4405 1208 4478 oro.
1277 4406 1460 4479 aeaeae
