3117 4859
219 451 220 460 ¹
238 435 308 492 1152

221 507 275 558 loni.
287 511 317 558 17

336 267 403 340 514
620 294 623 304 ¹
670 287 820 338 wmsnnr
841 287 1028 340 errorem
1048 285 1102 338 oea.
1120 286 1175 338 esa

334 431 459 499 stisiam
473 441 527 499 ae·
542 429 755 500 defensionem
768 431 1009 517 infatigabiliter
1023 438 1056 501 et
1069 452 1195 521 semper
1208 431 1371 517 exhibeas,
1391 431 1497 518 ridnia

333 547 474 636 pupillis,
497 548 648 636 orphanis
670 553 703 616 et
723 549 871 616 universo
892 549 1010 636 populo
1031 549 1179 634 regimini
1199 555 1256 617 too
1277 550 1420 618 subiecto
1438 551 1502 616 eine

332 663 482 732 tarditate
503 685 615 752 paoem
638 670 670 733 et
691 666 851 734 iustioiam
872 667 988 750 iacias,
1010 669 1048 732 ut
1069 666 1148 754 ipsi,
1171 666 1211 734 de
1231 672 1290 733 tne
1311 667 1503 754 protoetiom

333 799 370 848 ae
398 781 579 850 defensione
605 801 663 869 pro
692 783 799 867 regiae
826 781 990 867 dignitatis
1017 781 1203 850 excellentia
1229 782 1348 850 muniti
1384 787 1418 850 et
1448 783 1505 850 tibi

332 896 443 965 devote
466 898 658 983 obedientes,
679 898 818 966 letentur
832 904 865 966 et
883 903 920 965 tn
940 898 982 966 de
1002 897 1092 983 regia
1112 899 1325 968 sollieitudine
1346 899 1436 986 apud
1452 899 1505 966 ho

330 1014 432 1082 mines
459 1014 592 1099 gloriam
620 1019 652 1082 et
680 1015 765 1102 apud
792 1013 897 1098 iilam,
926 1035 985 1102 per
1013 1035 1107 1100 qoem
1135 1036 1226 1100 reges
1253 1022 1407 1101 regnent,
1436 1035 1504 1082 em

330 1131 448 1198 sanetis
468 1131 596 1216 regibus
610 1132 710 1199 vitam
729 1131 894 1219 percipere
906 1132 1058 1199 merearis
1072 1135 1243 1200 aeternam.
1274 1131 1361 1200 Data
1376 1131 1504 1217 Signiae

334 1248 375 1314 16
397 1245 467 1314 Kat
483 1248 575 1316 Iunii.

216 1439 221 1456 “
333 1431 421 1508 383.
441 1435 551 1506 Paetio
573 1435 730 1504 Foedere
748 1435 869 1526 Irepe'e
891 1447 920 1504 et
942 1437 1075 1529 Bertolfi
1094 1434 1149 1503 IV
1166 1437 1253 1503 doeio
1275 1438 1315 1504 de
1337 1438 1503 1526 Zerioyee

242 1667 311 1725 1152

249 1745 302 1789 ante

238 1803 287 1852 Iun.
298 1806 312 1851 1

1342 1541 1401 1625 di·
1418 1545 1503 1625 353.)

419 1657 506 1726 Haeo
533 1663 582 1726 est
608 1658 772 1727 eonsentio
800 1657 884 1726 inter
912 1659 1061 1725 domnum
1088 1679 1196 1744 regern
1222 1656 1247 1725 F
1249 1659 1450 1744 (riderieum)
1477 1665 1505 1726 et

330 1773 443 1844 duoem
464 1774 639 1842 Bertolium
648 1771 665 1840 ¹.

418 1892 561 1959 Domnne
589 1913 646 1959 rex
675 1891 763 1959 dabit
788 1891 891 1959 eidem
912 1890 985 1958 duei
1005 1896 1123 1958 terram
1146 1889 1349 1976 Burgundiae
1372 1897 1407 1960 et
1429 1891 1503 1960 Pro·

329 2007 466 2092 vinoiae3
496 2013 528 2076 et
548 2007 681 2076 intrabit
702 2027 774 2075 oum
797 2008 907 2075 eodem
929 2007 1008 2074 duee
1030 2007 1064 2072 in
1086 2006 1244 2094 predictas
1266 2013 1370 2077 terras
1396 2015 1429 2077 et
1452 2009 1503 2076 ed

328 2125 450 2193 iurabit
475 2144 548 2193 eum
570 2125 697 2192 eaodem
718 2129 820 2191 terres
843 2123 1010 2208 subiugare
1031 2145 1090 2212 per
1111 2124 1226 2192 bonam
1246 2123 1344 2192 fidem
1367 2146 1410 2192 ex
1432 2147 1502 2193 eon

329 2241 399 2310 silio
433 2242 628 2328 principum,
663 2241 716 2327 qni
749 2241 784 2306 in
811 2241 921 2308 eadem
950 2226 1149 2328 expeditione
1176 2244 1277 2309 erunt.
1329 2239 1381 2310 De
1410 2247 1502 2326 terra

329 2378 424 2444 quam
457 2358 550 2426 modo
578 2357 674 2425 habet
702 2377 807 2425 eomes
834 2355 1049 2424 Willeheimus
1075 2355 1314 2425 Matisconensis
1344 2379 1387 2426 ex
1415 2366 1502 2446 parte

328 2475 432 2562 neptis
455 2470 558 2559 eues’,
581 2474 676 2541 feeiet
698 2473 770 2540 duei
792 2473 951 2541 iusticiam
972 2478 1028 2540 aut
1050 2495 1090 2540 ex
1107 2473 1236 2541 oonsilio
1252 2474 1438 2562 principum
1453 2480 1503 2542 aot

329 2611 370 2659 ex
403 2590 513 2658 iuditio
540 2591 693 2678 ipsorum.
784 2589 989 2657 Dominatum
1018 2594 1050 2657 et
1078 2590 1308 2657 ordinationem
1337 2593 1502 2680 uniusque

327 2712 431 2775 terrae
453 2709 586 2776 domnus
606 2692 666 2774 rex
687 2705 826 2792 habebit,
849 2706 999 2793 quamdiu
1020 2706 1054 2773 in
1076 2706 1155 2794 ipsis
1177 2707 1271 2775 terris
1289 2707 1399 2775 fuerit
1430 2708 1503 2777 Post

329 2823 503 2892 disoessum
523 2824 607 2910 regis
631 2823 695 2889 dux
717 2827 867 2909 utrasque
890 2828 991 2890 terres
1013 2823 1047 2889 in
1068 2828 1226 2910 potestate
1249 2828 1282 2890 et
1303 2825 1502 2892 ordinatione

328 2961 386 3008 sne
407 2941 565 3026 retinebit
590 2945 697 3028 preter
712 2939 1021 3027 arehiepieohopatus
1043 2944 1075 3006 et
1097 2939 1330 3027 epischopatus,
1355 2943 1414 3029 qui
1436 2963 1502 3030 spe

327 3055 450 3124 sialiter
472 3058 513 3124 ad
527 3077 657 3125 manum
670 3056 779 3122 domni
792 3056 876 3140 regis
890 3056 1059 3145 pertinent.
1095 3056 1131 3124 Si
1152 3076 1230 3144 quoe
1253 3062 1363 3124 autem
1384 3060 1501 3148 episeo-

327 3192 385 3258 pos
406 3193 509 3241 eomes
524 3171 740 3241 willehelmus
754 3171 806 3239 vel
826 3171 881 3238 alii
895 3172 1055 3261 principes
1077 3173 1217 3242 eiusdem
1232 3178 1338 3241 terrae
1353 3174 1501 3244 investie-

327 3294 412 3375 runt,
435 3290 562 3358 eosdem
583 3290 649 3356 dux
670 3289 828 3356 investiat

415 3405 459 3474 Et
481 3406 564 3493 quod
586 3407 663 3474 haee
684 3406 849 3474 conventio
873 3425 912 3473 ex
934 3411 1026 3493 perte
1047 3403 1155 3472 domni
1169 3405 1253 3490 regis
1269 3406 1500 3492 observabitur,

327 3520 388 3590 tide
411 3522 486 3589 data
507 3521 646 3590 firmarit
661 3521 828 3591 Heinrieus
851 3520 916 3589 dux
932 3521 1098 3608 Senoniae,
1122 3522 1254 3589 domnus
1270 3521 1420 3611 Welpho,
1441 3525 1500 3591 Ar-

326 3638 438 3706 noldus
467 3639 686 3726 cancellarius,
714 3660 819 3708 eomes
842 3638 1026 3707 Oudehieus
1051 3639 1091 3707 de
1113 3637 1369 3726 Leneenbnroh',
1397 3660 1500 3708 eomes

326 3755 445 3842 Egone,
469 3755 653 3826 Oudelrious
668 3777 772 3824 eomes
788 3757 827 3824 de
841 3755 1060 3842 Homnunge⁰,
1078 3755 1306 3843 Maroqnarduo
1320 3756 1362 3823 de
1378 3755 1499 3824 Groun-

326 3872 416 3958 bach,
438 3873 598 3941 Arnoldus
621 3873 660 3939 de
674 3872 859 3958 Biberbaoh,
884 3873 957 3939 Otto
972 3871 1131 3959 palatinus
1146 3892 1250 3939 comes
1265 3872 1304 3938 de
1318 3871 1500 3942 Witslines·

326 3989 415 4074 baoh,
430 3987 609 4058 Waltherus
625 3988 756 4076 dapifer,
777 3988 1009 4056 Hildebrandus
1024 3988 1185 4075 pincerna,
1201 3987 1387 4057 Oounradus
1402 3989 1498 4058 Golbo

327 4111 359 4174 et
380 4105 478 4173 irater
500 4125 575 4172 snus
599 4104 782 4190 Sigefridns.

398 4244 419 4277 ι.
440 4231 463 4277 et
478 4231 500 4276 2.
554 4230 579 4277 1.
593 4219 706 4278 Laecanio.
722 4249 742 4280 e.
804 4245 825 4278 e.
843 4227 990 4290 Hermonige
1006 4248 1027 4277 e.

398 4315 422 4370 1.
442 4315 481 4371 IV
499 4315 534 4372 de
546 4315 690 4388 Zeringen.
760 4319 787 4373 2.
805 4317 947 4386 Beetrids,
965 4314 1039 4372 filine
1050 4313 1178 4373 Reinoldi
1189 4315 1231 4372 111
1248 4316 1359 4374 eomitis
1369 4315 1493 4390 Burgum

324 4401 402 4476 diae;
421 4419 503 4475 quam
521 4409 619 4475 postea
635 4406 695 4477 ipse
713 4405 870 4464 Friderions
887 4406 1035 4482 imperator
1049 4405 1081 4462 in
1099 4405 1303 4465 matrimonium
1320 4407 1410 4463 duxit.
