3117 4859
442 324 590 371 umnam
610 320 776 371 nrrsrons
799 320 851 369 sas.
1171 300 1237 369 203

65 468 178 535 tissimi
203 468 311 533 omnia
332 466 429 554 primi
451 465 695 553 reprehendunt,
718 485 758 532 us
776 465 840 553 ipsi
854 461 1116 551 reprehensibiles
1129 482 1236 549 repre-
1259 465 1330 522 1148

64 584 251 651 laudantur.
342 582 513 670 Postquam
541 583 576 648 in
599 582 795 648 admonendo
817 581 945 666 longam
966 581 1086 646 frustm
1108 597 1237 665 operam
1254 540 1330 587 ⁰⁰²⁸

65 721 370 789 consumpseramus,
392 700 530 784 tandem,
553 720 593 766 ne
616 699 786 765 auomritss
809 697 940 786 capitoli
956 696 1092 764 ludibrio
1106 695 1237 762 babere·

64 824 126 886 tur:
160 820 247 901 Quia
269 819 400 904 inquam
421 814 607 885 medicinam
628 840 691 882 non
712 818 850 904 recipitis
854 866 865 899 ,
888 827 933 881 set
948 818 1055 903 potins
1075 816 1109 878 in
1132 836 1238 879 amns

64 939 134 1002 nam
163 938 304 1001 ennensi
329 938 363 999 in
389 935 541 1000 medicam
567 936 722 1015 insanitis,
751 935 814 998 iarn
837 933 986 998 incosmdit
1005 932 1112 997 nestris
1134 931 1237 1018 ceptis,

63 1064 95 1117 at
108 1052 234 1141 fratres
255 1064 371 1119 vestros
393 1052 497 1117 alima
519 1052 731 1116 communione
750 1050 886 1136 pollines
908 1049 1110 1135 comprobetis
1128 1082 1164 1093 —
1182 1069 1239 1111 nos

65 1172 141 1235 enin
163 1171 341 1234 innocentes
364 1170 476 1232 enmas
493 1190 557 1255 pro
581 1189 625 1249 eo,
650 1166 735 1255 qaod
754 1167 867 1231 viciam
886 1165 944 1230 boc
957 1166 991 1229 in
1005 1165 1240 1251 conprepations

63 1289 118 1351 ista
145 1308 232 1350 nanc
249 1286 389 1373 primam
412 1285 607 1370 capnooimns
634 1318 668 1328 —
696 1293 834 1347 autnon
855 1282 954 1346 soleam
975 1281 1181 1348 inobedientes
1202 1302 1240 1345 ac

64 1403 187 1468 rebelles
216 1403 291 1490 patin
319 1403 412 1466 etiam
428 1396 564 1488 profani
585 1410 614 1465 et
634 1400 778 1486 sacrilepi
799 1399 989 1486 apparebitis
1016 1399 1050 1461 in
1078 1419 1129 1478 eo,
1156 1397 1241 1485 qaod

64 1528 199 1583 meaos
224 1520 332 1606 iniquo
355 1517 427 1581 odio
444 1516 683 1605 persequimini,
711 1538 780 1580 corn
804 1514 952 1581 Salenses
974 1514 1091 1596 doceat,
1113 1536 1153 1578 ne
1173 1514 1238 1579 lae-

66 1635 192 1698 tandum
212 1635 337 1722 peridem
353 1636 387 1697 in
397 1644 496 1698 morte
510 1633 706 1697 inimicos-arn
714 1626 731 1695 ¹.
761 1630 847 1711 Quid
859 1632 955 1717 ipitar
965 1631 1116 1695 commisit
1126 1624 1237 1713 H(ein-

66 1744 158 1833 neas)
188 1752 300 1832 abbas,
336 1751 445 1814 autin
469 1770 530 1837 pao
554 1747 739 1813 christianae
760 1746 968 1834 professionis
991 1748 1189 1833 proposition
1210 1758 1240 1813 et

67 1868 233 1931 cananeas
266 1866 463 1931 institutionis
495 1866 649 1929 tamdem
681 1865 822 1945 excessit,
855 1872 891 1926 at
918 1864 1240 1929 eacornmanicationis

67 1982 210 2070 loqueram
232 1979 399 2046 insiderent
437 1979 489 2045 Ad
512 1979 588 2047 haec
609 1978 659 2045 illi
680 1978 892 2045 testabantur:
917 1976 1011 2063 quod,
1034 1997 1106 2042 cum
1128 1978 1239 2045 beatus

67 2098 237 2163 memoriae
259 2097 393 2163 domnus
415 2095 585 2163 cardinalis
609 2095 760 2180 Thomas,
788 2092 978 2181 apostolieae
1000 2093 1084 2159 sedis
1105 2092 1239 2179 legatus,

68 2214 257 2281 instituisset
277 2213 417 2280 iudicare
439 2214 478 2279 de
496 2212 551 2279 illo
566 2208 743 2297 Heinrioo²,
768 2212 823 2299 qui
846 2210 885 2277 ab
907 2211 977 2296 ipso
1000 2210 1160 2298 depositus
1183 2211 1241 2278 ali·

70 2331 190 2417 qnando
206 2330 389 2397 corbeiensi
410 2330 529 2417 prefuit
550 2329 752 2413 monasterio,
776 2347 849 2394 oum
871 2327 1029 2394 accusatio
1052 2334 1135 2394 esset
1156 2328 1240 2395 ordi-

68 2452 140 2515 nata
167 2451 201 2515 et
228 2447 270 2513 lis
300 2466 406 2513 coram
433 2448 503 2533 ipso
530 2450 720 2530 mntestata,
750 2464 822 2513 oum
844 2445 914 2532 ipse
935 2444 1032 2511 iudex
1053 2444 1239 2532 presideret,

70 2564 107 2629 ad
137 2564 290 2632 tuendam
318 2564 531 2630 innocentiam
560 2576 650 2629 suam
679 2562 738 2629 sub
765 2558 847 2629 stola
874 2580 1066 2628 suasorem
1094 2560 1240 2628 omnibus

72 2680 368 2765 exeommunioarit,
397 2700 438 2747 ne
465 2680 536 2766 qoris
558 2700 617 2768 pro
640 2680 750 2746 eadem
773 2698 869 2746 eausa
889 2679 1057 2766 pecuniam
1079 2677 1170 2744 daret
1190 2678 1241 2745 vel

72 2798 240 2885 occiperet,
263 2803 402 2864 ceterum
424 2797 508 2864 idem
530 2790 724 2880 Heinrious⁸,
747 2794 787 2862 de
809 2815 871 2882 quo
894 2796 1012 2881 agitur,
1039 2795 1241 2883 postmodum

72 2914 191 2999 publice
220 2914 382 2981 ooufessus
406 2919 468 2999 est,
497 2914 581 3001 quod
602 2934 660 3001 pro
684 2912 795 2979 eodem
815 2913 942 2997 negotio
963 2932 1021 2979 sex
1042 2930 1166 2978 mareas
1189 2932 1240 2978 ar-

73 3032 151 3115 genti
179 3030 324 3119 predicto
352 3030 467 3097 domno
501 3028 654 3097 cardinali
684 3028 831 3096 dedisset.
882 3030 973 3118 Erpa
1000 3030 1130 3114 iuquam
1159 3030 1240 3096 blas·

72 3148 191 3235 plania
213 3161 315 3215 cesta
334 3150 487 3236 prandior
513 3158 556 3212 est
578 3158 607 3212 et
628 3146 821 3231 benildior5
845 3150 920 3237 qnia
936 3148 1044 3234 linpsm
1063 3156 1164 3211 orara
1177 3170 1241 3212 non

74 3266 165 3331 solam
188 3267 354 3331 transitio
376 3276 459 3330 terra
483 3264 526 3329 ad
548 3265 698 3329 ernendae
721 3266 837 3329 cineres
858 3266 893 3329 in
909 3286 992 3351 pace
1007 3263 1172 3329 aecclesiae
1187 3264 1239 3328 de·

69 3380 167 3467 sanai
182 3382 359 3464 scandetis,
383 3391 428 3446 set
443 3382 535 3445 etiam
545 3382 693 3467 posuistis
710 3382 745 3445 in
759 3381 877 3445 coeam
892 3402 926 3445 os
940 3390 1081 3457 emma,
1102 3390 1241 3445 sanctam

75 3508 199 3563 marein
220 3508 357 3563 nostram
370 3498 547 3563 Romanam
568 3497 747 3562 aecclesiam
761 3498 795 3561 in
815 3498 931 3561 crimen
947 3495 1062 3561 tnesis
1081 3496 1240 3563 balam.

77 3610 237 3680 Sdsoitato
258 3612 366 3699 itaque
387 3613 521 3680 trabum
544 3616 724 3679 nostrorum
747 3610 888 3696 oonsilio,
910 3611 1059 3678 iussimus
1076 3630 1129 3678 eos
1143 3612 1178 3677 in
1191 3612 1240 3677 in-

76 3725 243 3796 firmariam
266 3728 421 3813 secedere,
444 3728 591 3815 quatinus
609 3748 648 3795 ex
663 3728 777 3795 maiori
792 3748 883 3795 mora
896 3727 1141 3813 deliberationis,
1165 3727 1241 3815 qnid

79 3845 227 3929 agendum
242 3852 334 3930 esset,
349 3846 514 3933 providere
529 3865 702 3933 possemus.
734 3844 823 3924 Quod
838 3864 910 3911 cum
924 3846 1027 3912 iacere
1040 3848 1241 3929 rennuerent,

78 3961 291 4029 innrffiximus
312 3962 462 4029 matribus
484 3962 520 4028 in
533 3962 651 4028 urtute
673 3960 878 4047 obedientiae,
901 3982 942 4029 ne
963 3962 1027 4029 illis
1042 3962 1240 4049 presentibus

80 4076 179 4147 diviua
200 4078 393 4146 celebrarent
409 4076 521 4146 officia
552 4076 643 4145 Unde
657 4079 813 4166 compulsi
828 4079 1022 4165 sirenibus,
1045 4078 1240 4144 mansionem

81 4193 135 4261 sibi
161 4196 343 4283 deputatam
371 4199 476 4262 erecta
504 4195 624 4262 neruos
651 4196 850 4262 introierunt.
895 4196 932 4262 ln
959 4215 1023 4281 qua
1048 4196 1142 4261 domo
1167 4214 1241 4261 oum

84 4310 283 4381 obedientiam
311 4332 375 4379 non
403 4316 566 4379 servarent
594 4317 644 4379 set
668 4312 775 4400 potius
801 4312 962 4379 oaobinnis
988 4316 1022 4378 et
1041 4311 1240 4379 irrisionibus

145 4443 169 4499 1.
186 4442 363 4514 Prov.1s,s.
432 4444 459 4501 a.
477 4442 500 4499 1.
571 4444 598 4499 e.
616 4443 652 4499 u.
