3117 4859
315 287 382 354 580
645 305 796 354 wmsnnr
816 303 1002 353 neronom
1022 304 1076 352 ssa
1095 305 1148 353 eso

214 451 283 584 11056
315 445 451 530 gandae
471 464 536 512 non
557 443 752 532 dubitares,
780 446 988 514 eruditionem
1009 452 1098 514 tuam
1119 447 1200 514 scire
1221 444 1380 530 solumne,
1402 445 1481 530 qaol

201 538 256 634 nie.
269 586 298 634 re
315 580 388 646 nos,
416 561 629 649 compositis
619 583 654 629 ιιι
675 561 859 646 Burgundio
878 561 1043 648 magnifice
1063 563 1180 630 noscis
1201 562 1357 647 negotiis,
1385 562 1483 648 ipsine

314 677 440 745 favente
461 676 638 763 clementia,
661 679 715 765 qni
737 679 794 746 (lat
814 678 947 748 salntem
969 675 1123 764 regibus',
1144 697 1296 767 prospero
1313 677 1433 744 itinere
1446 677 1486 742 ad

202 805 298 857 neers
314 799 421 881 partes
442 793 522 876 Rani
549 815 658 862 snmus
684 797 805 863 reversi
831 801 863 863 et
884 794 990 863 natale
1011 795 1140 863 Domini
1160 795 1244 883 apud
1266 793 1399 881 Spirann
1422 792 1486 878 glo·

314 909 397 978 riose
418 909 654 978 celebravimus.

403 1025 531 1094 Curiam
559 1046 683 1114 qnoque
710 1027 745 1095 in
770 1025 988 1116 purificatione
1012 1031 1139 1094 motae
1159 1021 1297 1093 llariae’
1321 1045 1384 1113 pro
1407 1025 1487 1093 bono

313 1143 402 1229 pacis
424 1140 577 1210 firmando
601 1143 685 1230 apud
705 1143 831 1210 Ulnram
852 1143 991 1210 habituri
1010 1163 1127 1210 sumne.
1157 1141 1225 1221 Qua
1238 1141 1331 1210 linita
1353 1145 1488 1230 apte&-

315 1277 375 1344 que
396 1257 482 1326 illius
504 1265 608 1328 terrae
629 1261 774 1344 negotiis,
798 1260 839 1327 ad
859 1259 1024 1327 inferiores
1038 1259 1118 1326 Beni
1134 1264 1239 1346 partes
1254 1259 1411 1326 accedere
1425 1265 1488 1326 sta·

314 1375 442 1460 trimus,
465 1380 502 1444 vt
522 1395 640 1444 cornua
661 1376 829 1464 superbiae
845 1397 963 1462 eornm,
986 1376 1041 1463 qni
1055 1395 1167 1442 manns
1182 1395 1255 1442 snas
1269 1375 1304 1442 in
1319 1376 1486 1443 serenissi-

314 1511 402 1558 mum
423 1491 592 1580 imperinm
613 1498 757 1560 nostem
780 1492 949 1561 extendere
971 1493 1041 1560 ansi
1057 1497 1141 1577 sunt,
1163 1492 1198 1558 in
1211 1491 1343 1559 brachio
1358 1493 1487 1559 virtutis

313 1613 439 1676 nostrae
461 1609 508 1674 ita
528 1608 715 1695 recidamus,
737 1614 774 1677 nt
795 1608 854 1676 filii
876 1615 908 1677 et
927 1613 1056 1695 nepotes
1071 1629 1179 1676 eorum
1194 1607 1342 1695 exemplo
1358 1614 1486 1696 patruni

314 1725 447 1792 conecti
468 1725 591 1792 discent
612 1725 745 1813 imperio
769 1745 803 1794 ee
824 1745 889 1792 non
906 1745 1074 1812 opponere,
1097 1725 1153 1792 scel
1174 1725 1241 1792 eins
1255 1724 1422 1792 mandatis
1434 1725 1485 1791 de·

314 1839 380 1908 bito
401 1840 520 1908 honore
542 1846 574 1910 et
594 1842 771 1910 reverentia
794 1842 964 1910 subiacere.
994 1841 1047 1908 An
1068 1841 1153 1927 qnod
1171 1839 1316 1908 celeriter
1332 1860 1486 1928 peragan-

314 1954 390 2023 dnm
411 1961 443 2024 te
464 1962 615 2044 tanquam
636 1957 865 2046 pracordialem
885 1962 1027 2024 nostrnnr
1048 1958 1228 2024 invitamus.

402 2071 488 2151 Quae
513 2074 548 2140 in
568 2074 684 2142 litteris
705 2069 787 2141 tnis³
810 2094 831 2140 a
851 2078 961 2141 nostra
981 2075 1150 2142 serenitate
1171 2072 1402 2160 expostulasti,
1430 2092 1486 2161 pro

314 2188 476 2256 commodo
498 2209 612 2257 οιιιιιιο
633 2195 707 2257 tuae
728 2187 798 2258 fieri
819 2190 984 2275 iussimus,
1010 2191 1074 2277 ipsi
1093 2189 1163 2257 Deo
1184 2193 1314 2257 anctore
1336 2190 1486 2256 iniuriam

313 2307 401 2372 taam
423 2303 530 2374 debita
552 2307 719 2375 severitate
742 2325 799 2374 sno
821 2305 889 2374 loco
912 2311 945 2374 et
965 2311 1108 2394 tempore
1128 2304 1238 2374 ulcisci
1259 2306 1437 2393 cupientes

314 2631 403 2704 449.
424 2636 588 2727 Etslperos
611 2639 723 2727 reses-t,
751 2661 832 2727 quoe
853 2639 1035 2705 &emeca
1058 2639 1183 2706 ecclesio
1206 2638 1239 2705 S.
1261 2637 1487 2725 Motyon-elleos

424 2756 546 2842 ceperit.

227 2901 296 2958 1156
400 2884 544 2954 Domnus
559 2885 762 2971 Horonon)
780 2880 1050 2974 archiepisoopns⁴
1064 2886 1104 2954 ab
1117 2885 1299 2954 hominibus
1313 2885 1486 2954 moderin

227 2973 422 3069 1157ιιιιιιιιθ
443 3001 619 3088 Margarete
644 3005 708 3072 100
723 3022 846 3071 marcas
868 3003 1069 3071 denariorum
1090 3003 1213 3090 accepit
1233 3023 1272 3070 aa
1292 3003 1486 3087 conditione,

314 3122 350 3183 ut
364 3119 414 3184 sni
428 3120 624 3187 centuriones
648 3125 679 3188 et
693 3120 899 3188 villicationes
913 3119 1112 3208 provisorum
1131 3124 1233 3186 terras
1248 3119 1486 3207 poweenonnra

314 3232 486 3300 secundum
500 3235 693 3304 voluntatem
716 3257 824 3304 eornm
838 3242 1032 3323 exponerent
1045 3241 1078 3304 et
1091 3240 1280 3322 potestatem
1294 3235 1488 3322 disponendi

314 3353 347 3415 et
367 3349 522 3418 vendendi
547 3351 707 3422 haberent
751 3353 935 3420 Provisores
956 3373 1031 3420 vero
1054 3351 1223 3420 aecclesiae
1244 3351 1304 3419 hac
1325 3351 1365 3419 oe
1386 3371 1488 3418 cansa

315 3464 354 3532 ab
382 3467 467 3532 omni
493 3469 621 3535 usuaria
642 3469 779 3536 utilitate
802 3469 970 3537 aecclesiae
992 3469 1180 3554 swnesnati
1202 3473 1284 3535 sunt
1330 3466 1379 3535 Ob
1401 3467 1488 3536 hanc

313 3581 420 3669 itaque
448 3603 575 3652 cansam
602 3585 759 3671 hominos,
791 3586 846 3671 qni
872 3584 1017 3653 colebant
1043 3589 1144 3652 terras
1173 3583 1357 3668 aecclesiae,
1383 3583 1487 3652 libere

314 3699 454 3766 rendunt
480 3701 664 3788 cuicumque
685 3701 844 3768 voluerint
871 3701 997 3769 eosdm
1023 3706 1126 3768 tenes
1153 3701 1271 3788 absque
1297 3699 1432 3767 anano
1455 3707 1488 3768 et

315 3813 432 3902 absque
445 3823 590 3904 respectu
605 3817 702 3884 villici
717 3817 767 3884 vel
781 3817 954 3905 provisoris
970 3817 1147 3885 aecclesiae.
1176 3817 1389 3884 Gomtitntnnr
1402 3823 1485 3902 erat

313 3935 350 3997 nt
363 3931 487 3999 villicus
509 3934 679 4001 aecclesiae
701 3933 834 4020 singulis
857 3935 948 4001 annis
971 3933 1061 4002 daret
1082 3935 1123 4002 arl
1141 3931 1486 4022 prebendamfratrnm

314 4065 410 4114 unam
430 4068 551 4117 mosam
572 4050 654 4119 labe.
685 4049 775 4118 Hanc
791 4051 876 4119 idem
890 4050 1014 4118 villicus
1029 4051 1068 4118 de
1081 4051 1211 4139 proprio
1225 4069 1284 4137 per
1297 4055 1368 4118 octo
1383 4069 1486 4117 annos

313 4165 467 4250 restituit,
495 4167 569 4251 qnia
596 4167 660 4235 ianr
686 4188 745 4255 per
772 4172 842 4235 octo
865 4187 964 4234 annos
985 4171 1139 4255 exparte
1160 4165 1269 4234 domni
1290 4167 1432 4254 episcopi
1455 4165 1485 4234 si

384 4322 409 4377 1.
432 4321 623 4394 Ps.143,1o.
730 4327 756 4380 2.
781 4325 850 4382 1167
873 4324 952 4381 Febr.
964 4327 991 4380 2.
1097 4325 1123 4380 8.
1146 4324 1255 4395 spilli
1281 4340 1364 4396 snpra
1380 4325 1482 4396 p5ii.

313 4409 340 4466 4.
357 4411 521 4468 Bremensis.
