3117 4859
436 280 586 329 wmsum
606 279 772 331 murreus
795 280 851 329 ses:
1157 264 1221 331 nul

55 421 106 507 qui
126 420 246 489 iuravit
268 426 301 489 et
321 441 385 491 non
405 422 560 510 penitebit
579 418 685 506 eum¹3
705 423 790 491 uude
805 429 837 490 et
849 422 970 491 David:
993 424 1108 490 rm·
1118 423 1225 509 inquit
1241 426 1312 483 lue

54 552 80 605 a
99 542 199 605 mei
219 533 400 606 meere&
490 539 710 607 Recordemini
733 541 827 627 quod,
848 545 1018 627 postquam
1039 539 1080 606 sd
1102 539 1223 607 crehis-

51 654 234 741 piscopstus
256 654 380 723 culmen
402 656 598 741 moendistis,
620 656 743 723 litteras
764 657 952 744 prudentiae
972 662 1097 725 vestrae
1117 660 1224 723 unns·

51 770 205 854 unimus,
227 772 263 839 in
284 772 397 857 quibus
417 792 473 840 vos
495 774 609 841 intime
632 772 745 841 affeetu
766 774 808 841 de
829 773 1017 860 quibusdam
1036 792 1224 861 promouere

52 905 87 952 ee
106 888 292 974 premunire
313 888 506 973 studuimus;
528 890 692 975 inquibus
716 891 744 956 si
766 890 877 959 audie
897 889 1064 959 eonsilium
1078 892 1222 957 nostrum

49 1001 237 1089 placuisset,
264 1004 357 1071 hodie
378 1002 558 1073 Bremensis
586 1006 736 1075 messis
762 1012 796 1074 et
815 1027 873 1075 uos
894 1026 973 1094 pecc
994 1006 1118 1073 meliori
1139 1007 1223 1093 poti·

49 1120 172 1187 remini
265 1119 322 1189 Set
341 1121 551 1206 indignamini
572 1123 673 1207 nobis,
695 1128 732 1189 ut
752 1122 864 1210 fortun,
886 1123 980 1210 quod,
1002 1142 1075 1190 eum
1096 1122 1137 1188 de
1159 1120 1222 1189 ele-

50 1236 152 1304 ctione
174 1235 355 1305 Bremensis
378 1238 619 1327 archiepiscopi,
641 1244 774 1307 recente
794 1244 872 1307 tunc
893 1239 983 1325 sede,
1008 1243 1165 1324 ageretur,
1186 1239 1222 1307 in

49 1358 191 1423 nostrum
220 1374 388 1442 personam
414 1356 556 1423 omnium
577 1357 643 1426 fere
664 1362 739 1425 vote
760 1377 795 1423 se
815 1356 1055 1425 inclinaverunt
1099 1354 1165 1423 Nos
1186 1355 1220 1422 in

49 1470 201 1537 aecclesia
221 1468 387 1539 Bremensi
407 1472 528 1541 nullum
549 1474 694 1541 novimus
716 1477 823 1562 preter
844 1492 1014 1561 personam
1029 1477 1168 1541 vestram
1190 1476 1223 1539 et

48 1588 235 1673 equivocum
257 1594 413 1674 vestrum,
437 1588 647 1675 Harthvigum
668 1582 894 1675 prepositum⁸‚
922 1594 955 1655 et
974 1588 1128 1656 Erfcnem
1148 1608 1222 1675 pre-

47 1701 204 1789 positum*
228 1709 261 1771 et
280 1704 448 1773 Albertum
475 1707 669 1775 canonicum.
715 1705 900 1773 Ceterorum
920 1706 1051 1773 nomina
1072 1710 1105 1773 ct
1125 1704 1221 1772 maios

46 1819 239 1903 ignoramus
288 1820 457 1891 Civitatem
483 1823 588 1911 ipsam
614 1841 777 1909 nunquam
805 1822 870 1889 nisi
897 1820 995 1889 semel
1021 1820 1221 1906 intravimus,

47 1941 77 2003 et
98 1957 171 2003 sero
194 1936 348 2005 inclinatu
369 1940 434 2005 iam
456 1939 507 2007 die
521 1939 664 2006 venimus
687 1942 720 2005 et
739 1958 832 2006 mane
853 1938 937 2005 facto
959 1937 1079 2023 egressi
1101 1956 1219 2005 sumus.

47 2051 176 2131 Quando
199 2054 404 2141 predecessor
425 2060 529 2123 vester
552 2054 633 2122 bone
654 2055 805 2121 memorie
826 2054 944 2123 Albero
966 2053 1221 2143 archiepiscopus

47 2165 139 2237 obiit‘
164 2175 199 2237 et
213 2190 268 2238 vos
287 2170 318 2238 ei
332 2171 537 2255 successistis,
560 2192 618 2238 nos
633 2190 758 2239 eremus
773 2172 809 2238 in
823 2169 1003 2239 Stabulensi
1016 2171 1220 2255 monasterio,

47 2286 128 2371 quod
158 2307 180 2353 e
207 2284 323 2355 Brema
348 2288 462 2355 itinere
490 2287 613 2355 dierum
647 2293 769 2375 septem
804 2287 918 2373 distat,
945 2287 1086 2355 omnium
1113 2307 1223 2354 rerum

47 2422 123 2487 quoe
152 2402 201 2469 ibi
230 2403 403 2489 agebantur
434 2405 548 2489 ignari.
593 2404 625 2471 A
650 2404 742 2473 nobis
775 2403 865 2471 nulla
887 2424 1025 2491 persona
1052 2402 1222 2471 sollicitate

47 2522 101 2603 est
123 2518 218 2585 nullu
240 2519 405 2589 submima
449 2520 515 2589 Nos
537 2522 572 2589 in
592 2520 691 2589 talem
712 2521 950 2608 disceptationis
972 2519 1075 2587 nicam
1096 2540 1161 2587 nou
1181 2519 1221 2586 li-

46 2633 155 2703 benter
183 2636 369 2723 incidimus,
397 2637 452 2705 ubi
473 2642 542 2705 tam
563 2638 603 2704 de
624 2636 783 2705 natalibus
806 2658 902 2723 quam
923 2636 963 2703 de
984 2635 1125 2703 moribus
1147 2635 1221 2703 sub-

46 2750 193 2821 fflissime
216 2753 396 2841 disputatur
418 2759 450 2821 et
471 2754 724 2841 frequentissime
741 2757 875 2821 erratur.
904 2750 1012 2839 Atque
1026 2750 1220 2819 infirmitatis

46 2874 172 2937 nostrae
203 2873 236 2937 et
257 2870 444 2937 humilitatis
466 2870 546 2939 bene
569 2871 700 2955 conscii,
731 2869 772 2936 ad
793 2872 916 2935 tantam
937 2889 1006 2936 rem
1028 2874 1060 2935 ot
1081 2873 1149 2937 tam
1169 2889 1219 2935 re-

46 2986 219 3053 verendam
233 2991 387 3077 oportune
402 2986 572 3071 gerendam
586 3006 785 3074 nequaquam
799 2984 1219 3071 accederepresumeremns,
1324 2962 1335 2975 ²

45 3104 197 3190 precipue
220 3122 293 3171 eum
315 3102 425 3170 eedem
448 3101 589 3187 ecclesis,
611 3102 700 3188 prius
725 3102 853 3169 domina
868 3101 1010 3186 gentium
1025 3106 1057 3167 et
1071 3102 1220 3188 princeps

45 3220 299 3304 provinciarum,
327 3224 479 3306 tanquam
505 3218 602 3285 vidm
621 3219 706 3285 faeta
728 3218 771 3287 sit
792 3218 851 3285 sub
877 3212 1030 3301 tributo⁸3
1059 3218 1101 3285 ed
1130 3218 1220 3285 cuius

47 3336 255 3405 contritiones
283 3336 440 3405 sanandas
466 3334 493 3403 ei
521 3340 627 3402 vestra
654 3335 790 3403 eruditio
817 3334 985 3422 prudentia
1011 3333 1160 3401 nobilitas
1188 3340 1221 3402 et

47 3450 198 3521 fortitudo
226 3472 291 3519 non
318 3450 493 3537 sufficiunt,
521 3450 751 3539 desperandum
775 3451 882 3538 potius
910 3451 941 3517 ei
968 3451 1030 3517 erit
1057 3470 1151 3537 quam
1179 3450 1220 3519 de

48 3567 178 3637 dionius
201 3568 340 3637 hominis
362 3566 518 3635 adiutorio
541 3565 769 3635 confidendum.
804 3566 937 3635 Abiecto
957 3567 1065 3653 iteque
1087 3566 1220 3634 dvestri

47 3686 183 3770 pectoris
211 3684 392 3752 sinceritate
417 3684 518 3751 tocius
546 3683 734 3771 suspicionis
755 3703 887 3751 rancore
915 3687 949 3750 et
974 3682 1106 3771 depuisa
1132 3682 1219 3748 omni

48 3799 260 3869 detractorum
273 3799 409 3885 fallacia,
431 3820 499 3885 nos,
515 3801 570 3888 qui
584 3801 618 3867 in
633 3800 767 3867 venete
782 3819 838 3867 vos
853 3798 1024 3884 diligimus,
1046 3798 1216 3881 redamate,

48 3918 196 4001 quoniam
219 3918 254 3985 in
276 3936 313 3985 eo
337 3916 392 4003 qui
412 3918 530 3985 veritas
553 3921 602 3985 est
622 3917 712 3985 uobis
733 3915 903 4003 loquimur,
925 3915 1010 4001 quod
1030 3920 1141 3982 contra
1159 3927 1218 3979 voe

48 4030 80 4099 in
100 4032 255 4102 aecclesie
268 4032 427 4102 Romana·
448 4054 507 4101 nec
528 4032 651 4101 litteras
673 4052 732 4101 nec
754 4051 930 4100 sermonem
949 4030 1087 4117 ntiquom
1100 4027 1217 4095 direxi-

48 4167 127 4235 mus,
149 4151 249 4217 immo
272 4150 313 4217 ad
326 4154 450 4219 uestrae
472 4150 636 4235 dignitatis
658 4154 844 4239 provectum
863 4146 966 4215 modis
984 4145 1129 4213 omnibus
1142 4140 1216 4209 sub-

118 4280 140 4313 ι
172 4270 195 4313 c
210 4267 262 4313 sa

117 4352 142 4406 1.
160 4284 208 4406 tPs.
223 4284 282 4421 iO9,
294 4352 320 4407 4.
389 4352 415 4407 2.
434 4352 480 4407 Ps.
495 4352 553 4421 118,
568 4352 628 4408 106.
690 4353 716 4407 3.
735 4349 982 4419 Hamburgensem.
1035 4345 1061 4400 4.
1079 4340 1108 4399 S.
1121 4338 1215 4397 wine

49 4434 113 4494 hedi
130 4439 318 4498 Bremsusem.
381 4440 407 4498 5.
428 4442 498 4498 1148
514 4440 648 4513 Angue
708 4440 734 4496 6.
752 4438 932 4507 Threnl,l.
