3117 4859
468 256 617 307 wramm
640 257 806 309 murrona
824 255 864 307 se.
1184 240 1246 307 161

79 398 139 471 88.
162 400 324 469 Wboldor
333 400 470 469 Hasce
481 403 695 469 Rooraoonsos
709 404 777 490 regi
791 403 897 469 scribit
910 401 949 467 ds
962 402 1147 469 renascendo
1160 400 1248 489 1209-

161 540 239 605 pero
264 519 356 585 electo
379 520 489 587 abbate
502 517 661 585 Mese.
695 518 811 599 Moses,
830 528 946 605 pereat
962 540 1081 605 popae,
1103 540 1178 583 occa
1194 529 1250 583 oct

165 633 315 701 διιπίαπι
337 633 582 701 misnensium
598 645 653 701 aar
667 633 908 723 Lotban'apiom
928 636 1023 703 oded
1042 634 1104 699 cisi
1123 644 1250 699 cccmus

167 774 188 817 a
206 751 411 838 priadpt'bus.
1109 745 1164 830 (Μ.
1183 746 1249 831 73.)

165 880 311 951 Glorioso
335 902 372 950 ao
393 883 594 951 serenissimo
616 881 742 951 domino
766 902 824 949 suo
847 882 948 950 iDeo
970 886 1119 949 coronato
1133 880 1250 948 Roma·
1267 874 1338 942 1118

76 1018 190 1067 norum
212 998 281 1083 regi
295 998 442 1084 Henrico,
464 997 529 1066 filio
551 999 680 1067 victoris
701 1004 734 1067 et
746 997 850 1067 incliti
864 998 1024 1066 Cuonradi
1036 998 1250 1065 Romanorum
1273 962 1328 1020 ’μ’

75 1116 278 1203 imperatoris
294 1114 429 1201 augusti,
448 1114 548 1183 frater
562 1112 725 1184 wibaldus
740 1115 803 1183 Dei
822 1116 926 1201 gratia
939 1114 1137 1183 Gorbeiensis
1151 1114 1249 1182 abbas

75 1232 212 1300 salutem
233 1233 268 1299 iu
291 1252 337 1318 oo,
361 1230 415 1317 qui
438 1230 494 1297 dat
515 1231 649 1299 salutem
669 1232 797 1317 regibus
805 1228 824 1299 ¹.

164 1348 235 1427 Qua
256 1348 431 1415 devotionis
457 1348 610 1415 instantia
636 1348 671 1415 in
692 1348 825 1417 concilio
847 1348 995 1416 Remensi
1015 1348 1168 1415 fuerimus
1190 1367 1249 1435 pro

75 1464 251 1532 stabilitate
277 1465 367 1549 regni
396 1464 486 1531 vobis
514 1463 622 1532 tDeo
651 1464 758 1531 collati
786 1469 819 1532 et
844 1484 904 1552 pro
930 1465 1123 1533 incremento
1151 1464 1250 1531 vestri

73 1580 217 1666 honoris,
240 1579 431 1649 arbitramur
453 1581 530 1649 satis
553 1580 757 1649 excellentiae
772 1586 897 1649 vestrae
916 1601 987 1649 ease
999 1578 1195 1649 notificatum
1209 1580 1250 1647 ab

73 1698 140 1783 bis,
172 1698 229 1784 qui
255 1696 349 1766 rebus
377 1698 556 1765 interfuere.
604 1696 767 1784 Siquidem
797 1697 837 1765 de
863 1695 927 1765 ride
953 1703 1063 1765 nostra
1090 1703 1124 1765 et
1144 1696 1249 1764 studio

72 1815 161 1883 circa
173 1819 300 1882 restrae
314 1834 467 1902 personae
483 1820 515 1881 ct
528 1815 618 1900 regni
633 1814 730 1882 vestri
744 1819 911 1902 provectus
926 1813 1113 1882 sublimitati
1127 1819 1251 1882 vestm

73 1930 259 1999 nullatenus
281 1930 343 1997 erit
364 1931 581 1999 dubitandum.
616 1929 730 2016 Causa,
753 1950 810 1999 cur
825 1930 867 1997 ad
879 1937 1019 1998 vestram
1032 1930 1251 1999 celsitudinem

73 2084 116 2095 —
132 2054 210 2135 post
230 2046 331 2114 multa
344 2046 453 2132 rerba,
476 2068 556 2133 quae
577 2066 649 2114 cum
663 2048 817 2133 magistro
831 2047 979 2133 Henrico,
1002 2052 1126 2115 rosnae
1145 2046 1251 2115 curiae

72 2164 212 2249 notario,
235 2164 275 2231 de
297 2163 399 2231 salute
422 2168 454 2231 et
475 2164 690 2233 incolumitate
712 2169 829 2249 vestra,
852 2165 892 2233 de
909 2166 1089 2252 provisione
1112 2170 1145 2233 et
1166 2163 1251 2231 ordi·

71 2282 207 2347 natione
235 2284 328 2366 atque
357 2279 583 2365 gubernatione
611 2268 701 2366 regni
723 2282 823 2350 vestri
851 2280 984 2350 sollicite
1012 2303 1114 2370 nuper
1140 2280 1251 2349 babui-

72 2416 145 2463 mus
161 2406 219 2443 -·
242 2396 319 2463 baec
342 2401 399 2481 est,
423 2397 507 2483 quod
528 2396 693 2466 Fnldensis
717 2394 853 2467 electus¹
874 2398 909 2465 in
931 2397 1054 2468 abbatis
1067 2418 1183 2466 nomen
1196 2397 1250 2466 be-

72 2514 181 2582 nedici
203 2513 368 2599 detrectet,
391 2519 423 2581 et
444 2518 591 2600 preterea
611 2514 733 2583 inutilis
756 2516 776 2583 1
798 2514 957 2603 plerisque
978 2516 1169 2603 predicatur.
1215 2513 1251 2581 si

74 2650 150 2715 ergo
183 2634 307 2697 amotus
335 2630 445 2715 inerit,
475 2630 514 2699 de
544 2652 605 2717 quo
633 2632 761 2717 quidem
789 2652 853 2699 non
879 2632 1109 2717 dubitavimus,
1138 2630 1253 2699 cumt

72 2746 183 2815 Remis
208 2748 381 2832 eunomus,
411 2751 487 2814 tunc
508 2747 687 2816 imminebit
708 2754 832 2815 vestrae
853 2747 954 2815 indoli
975 2747 1114 2835 plurima
1135 2746 1252 2815 sollici·

72 2865 167 2948 tudo,
198 2884 239 2930 ne
263 2862 376 2949 aliquis
398 2864 575 2932 novitatum
601 2869 707 2931 motus
735 2863 769 2931 in
791 2864 982 2932 monasterio
1004 2864 1155 2932 Fuldensi
1177 2862 1251 2931 obo-

71 2982 188 3065 riatur,
212 2985 261 3047 eet
284 2980 366 3047 deut
386 2982 531 3067 proxime
546 2978 613 3048 Deo
628 2981 804 3068 inspirante
824 2981 985 3069 sapienter
1006 2986 1040 3049 et
1061 2987 1189 3048 strenue
1210 2980 1252 3047 ad

73 3096 228 3165 bonorem
257 3102 384 3165 sanotae
411 3098 522 3163 matris
550 3102 677 3165 nostrae
702 3097 863 3165 Romanae
890 3098 1041 3166 ecclesiae
1069 3103 1101 3165 et
1128 3102 1252 3165 rosnae

73 3212 242 3298 dignitatis
265 3218 378 3279 cuneta
399 3214 518 3283 ibidem
540 3214 728 3301 perfecistis,
751 3215 799 3281 ita
820 3220 852 3283 et
867 3235 952 3281 nunc
965 3214 1131 3299 magnifice
1145 3215 1253 3282 omnic

74 3330 339 3414 inaugmentum
361 3331 458 3397 vestri
480 3330 608 3397 honoris
636 3332 694 3401 sub
717 3337 825 3399 vestm
850 3332 1012 3420 presentia
1038 3351 1110 3400 cum
1135 3352 1253 3415 magna

75 3446 181 3533 quiete
206 3450 239 3513 et
261 3445 429 3533 disciplina
450 3447 561 3534 peragi
582 3447 716 3515 faciatis.
799 3446 937 3534 Etenim,
960 3448 1128 3516 karissime
1149 3448 1251 3533 nobis,

74 3562 231 3648 dignitate
244 3562 371 3649 quidem
387 3568 418 3630 et
433 3563 630 3631 ordinatione
645 3564 782 3649 domine,
793 3564 851 3633 sed
866 3564 979 3633 affectu
992 3563 1049 3650 dli,
1060 3565 1119 3632 boc
1129 3570 1252 3633 vestrae

74 3678 305 3763 intelligentiae
328 3700 450 3747 summo
473 3681 578 3748 studio
600 3681 798 3766 suggerimus
820 3686 853 3749 et
870 3682 1049 3766 suademus,
1071 3684 1107 3746 ut
1128 3685 1253 3768 patrem

74 3802 219 3863 reanum
240 3814 358 3882 papam
380 3795 568 3882 Eugenium,
592 3798 720 3883 quivos
740 3797 965 3883 benignissime
986 3794 1162 3881 bonoravit,
1184 3800 1251 3862 toto

76 3914 182 3979 auimo
199 3910 349 3997 diligatis,
372 3930 430 3980 nec
445 3912 579 3981 decretis
594 3913 695 4001 ipsius
717 3932 755 3981 ac
771 3919 988 3981 sacrosanctae
1002 3913 1114 3981 matris
1129 3916 1253 3980 rosnae

75 4025 238 4097 Romanae
269 4027 418 4096 ecclesiae
446 4028 751 4116 promulgationibus
775 4030 907 4099 alicuius
928 4032 1081 4099 instinctu
1102 4028 1251 4110 obvietis3

76 4144 131 4213 sed
152 4144 183 4213 si
205 4165 265 4233 pro
287 4145 483 4234 principibus
506 4150 601 4233 atque
622 4146 693 4215 aliis
708 4146 853 4216 fidelibus
868 4148 982 4217 vesnia
996 4144 1252 4216 intercedendum

146 4302 169 4335 ι.
190 4287 841 4351 nurembaumedrbdeqstdaeetdtmetdoe.

146 4376 172 4431 1.
192 4374 313 4444 Palea,
328 4375 370 4430 10.
441 4374 468 4431 2.
486 4374 639 4447 Romus.

123 4470 205 4525 runs.
221 4472 366 4520 mensem
380 4474 399 4520 1.
1005 4475 1037 4529 11
