3117 4859
408 265 558 314 wnsnnr
577 263 766 316 mrsronan
785 265 841 314 sss.
854 265 909 314 ero.
1081 327 1089 342 Ι
1175 250 1239 318 601

58 405 228 476 similibus
256 406 429 495 plurimum
455 409 612 492 innitens,
641 408 760 493 gratias
787 409 890 477 refero
916 427 1040 476 summo
1065 408 1242 496 Provisori3
1261 415 1330 473 1157

61 523 219 592 obnixius
243 525 426 612 depreouns,
448 530 485 592 nt
498 544 554 594 vos
576 525 668 594 nobis
690 529 724 593 et
739 527 858 594 nostris
872 526 996 594 salvum
1009 530 1043 595 st
1054 525 1245 596 ineolumem

61 642 142 708 sine
163 639 226 710 fine
249 642 415 726 eustodiat,
438 645 471 709 et
492 641 577 728 qnod
598 661 663 708 non
683 663 824 730 possum,
847 644 1000 730 quianon
1013 663 1153 732 possum,
1174 645 1245 732 ipss

61 757 237 826 remibuat'

65 970 165 1042 470.
185 973 364 1040 Friderious
383 973 405 1040 Ι
426 974 597 1060 inperator
621 972 763 1040 We'dnldo
792 974 831 1038 de
857 973 936 1041 dello
963 974 1113 1043 Potest-‘eo
1137 975 1244 1065 ναίω,

185 1113 313 1178 amque
334 1089 567 1177 Wirzeburpum
589 1099 685 1154 ooeot.
1085 1089 1139 1173 (Μ.
1155 1093 1245 1176 434.)

163 1220 368 1305 F(riderieus)
397 1221 458 1290 Dei
492 1221 596 1306 gratia
621 1220 835 1290 Romanorum
860 1221 1035 1309 imperator
1062 1229 1095 1292 et
1122 1247 1247 1315 semper
1265 1242 1335 1299 116⁷

69 1341 227 1424 nonas
255 1338 368 1406 enno
396 1359 452 1406 suo
474 1336 644 1421 vernon)
671 1337 853 1406 corbeiensi
879 1346 913 1408 a
934 1338 1114 1410 steens
1141 1343 1248 1411 noas
1269 1315 1333 1378 ⁸⁹¹²*

68 1456 211 1542 patiam
233 1475 323 1522 suam
345 1461 378 1524 et
401 1476 492 1523 omne
513 1454 641 1522 bonum.

165 1571 321 1651 Quantam
336 1573 371 1640 in
387 1570 587 1660 expeditione
601 1568 759 1655 Polonioa,
783 1589 879 1657 quam
893 1591 994 1659 nuper
1008 1573 1143 1658 gloriose
1155 1583 1247 1663 pere·

70 1690 189 1776 girnus,
212 1689 321 1756 divina
341 1691 443 1777 pietas
466 1689 603 1773 gratim
622 1687 714 1755 nobis
729 1687 908 1773 eontnlerit,
930 1699 1088 1776 quantave
1100 1691 1203 1776 gloria
1215 1699 1249 1762 st

70 1807 194 1875 honore
208 1805 385 1872 Romanum
406 1806 576 1893 imperium
598 1804 796 1889 exaltaverit,
817 1802 929 1872 Poloni
945 1807 1004 1874 sub
1017 1807 1092 1893 iuga
1105 1809 1248 1877 domina·

72 1924 172 1992 tionis
189 1927 317 1990 nostrae
331 1923 455 1990 reduoti
467 1925 693 2010 protestantur,
717 1926 750 1988 et
762 1941 832 2007 nos,
855 1941 917 2008 quo
930 1921 1056 2010 plenius
1069 1945 1248 2012 possumne,

72 2040 237 2108 dilectioni
258 2045 333 2107 tuse
356 2040 502 2106 duximus
525 2037 773 2125 significandum.

165 2155 297 2227 Polonia
317 2159 460 2243 quamvis
484 2161 552 2224 arte
574 2160 608 2224 et
626 2161 742 2224 natura
765 2155 935 2224 admodum
955 2157 1080 2224 munita
1095 2165 1190 2245 esset,
1211 2164 1250 2227 ut

74 2277 290 2340 snteoessorss
318 2273 420 2342 nostri
446 2293 537 2358 reges
565 2277 598 2340 et
622 2273 829 2361 imperatores
849 2274 905 2340 vix
926 2293 1044 2357 magna
1064 2273 1249 2344 diffleultate

75 2390 118 2456 ad
140 2389 270 2457 fluvium
286 2389 422 2457 Odorem
443 2389 671 2476 pervenissent,
693 2409 751 2456 nos
771 2395 880 2455 tamen
894 2389 928 2455 in
941 2389 1059 2456 virtuts
1073 2389 1144 2475 Dei,
1168 2411 1248 2477 quae

74 2507 243 2575 visibiliter
265 2526 323 2573 nos
344 2507 507 2593 prooessit,
529 2507 690 2574 olansurae
712 2491 849 2590 illorum,
873 2525 952 2591 quas
964 2505 1000 2572 in
1015 2505 1158 2589 angustis
1171 2505 1249 2573 loois
1265 2523 1323 2582 sag.

74 2625 202 2712 precisa
229 2623 377 2691 arborum
404 2623 559 2690 densitate
586 2623 727 2690 feserunt
754 2625 786 2689 et
811 2641 928 2707 magna
948 2622 1069 2706 ingenii
1089 2621 1172 2688 mole
1194 2621 1250 2689 ob·

75 2745 276 2825 struxerant,
303 2739 548 2827 penetravimus.
598 2739 642 2806 Et
668 2739 703 2806 in
732 2743 843 2806 ostova
870 2739 1095 2826 assumptionis
1122 2742 1251 2806 sanotae
1266 2755 1363 2815 saara

74 2855 197 2934 Mariae
210 2855 341 2923 fluvium
357 2855 503 2938 Odorem,
522 2857 576 2941 qui
590 2859 691 2922 totam
705 2860 825 2922 terram
837 2854 926 2922 illam
942 2855 1034 2942 quasi
1046 2875 1138 2922 muro
1152 2855 1251 2922 vallat

77 2979 112 3042 et
132 2973 346 3061 profunditate
369 2993 427 3040 sna
449 2991 557 3040 omnes
580 2972 718 3040 exoludit
739 2971 855 3057 editus,
878 2975 989 3038 eontra
1010 2991 1101 3058 spem
1116 2970 1250 3040 Polono-

76 3111 151 3158 rum
179 3111 251 3158 eum
279 3089 366 3156 omni
393 3089 534 3157 exercitu
560 3093 668 3156 nostro
690 3088 904 3155 transivimus.
950 3087 1054 3155 Tanta
1075 3087 1160 3155 enim
1182 3093 1251 3157 eret

79 3207 226 3275 omnibus
247 3207 432 3274 transeundi
455 3205 598 3290 aviditas,
621 3210 658 3271 ut
680 3205 734 3272 alii
755 3204 920 3294 profundis
943 3204 1119 3289 gurgitibus
1141 3226 1176 3272 se
1189 3205 1250 3273 im·

79 3329 268 3409 mergerent,
291 3322 346 3389 alii
367 3343 441 3389 vero
463 3327 708 3390 transnatarent.
745 3321 812 3401 Quo
834 3323 902 3389 viso
924 3319 1037 3388 Poloni
1050 3323 1251 3390 vehementer

80 3441 240 3525 exterriti,
268 3444 300 3507 et
326 3440 391 3506 iam
418 3437 515 3505 niolril
540 3443 647 3525 pretor
669 3438 805 3506 exioinrn
828 3443 861 3506 ot
881 3437 1126 3506 destructionem
1145 3443 1251 3507 terrae

80 3561 255 3645 sperantes,
277 3555 490 3624 munitissima
511 3559 617 3624 eastra
637 3553 789 3639 Glogovra
810 3559 843 3622 et
862 3551 987 3622 Bitnm¹
1008 3560 1042 3622 et
1063 3554 1127 3621 alia
1146 3553 1250 3641 plura,

81 3695 161 3762 qnae
185 3675 275 3762 prius
298 3675 337 3742 ab
358 3674 449 3742 hoste
471 3676 564 3760 eapte
584 3691 648 3738 non
669 3671 810 3757 fuerant,
837 3673 952 3740 timore
972 3675 1081 3739 nostm
1102 3670 1249 3739 inosnde·

80 3796 170 3876 runt,
194 3795 226 3857 et
246 3790 324 3879 ipsi,
349 3789 491 3877 quamvis
514 3787 631 3856 auxilio
653 3789 828 3855 vicinarum
850 3789 1001 3873 gentium,
1022 3787 1248 3873 Ruthenorum,

80 3907 279 3992 Parthorum,
301 3906 501 3990 Prnsoorum,
516 3904 773 3990 Pomeranornm,
795 3906 970 3974 maximum
991 3903 1165 3973 exereitum
1186 3903 1250 3970 ool-

80 4023 240 4110 legissent,
268 4024 389 4106 tfaole
411 4027 521 4090 nostra
540 4023 709 4108 fugierunt.
755 4022 822 4090 llos
844 4042 918 4090 vero
939 4021 1094 4106 fugientes
1115 4021 1251 4088 inseouti

83 4162 205 4225 snmus,
237 4146 269 4207 et
294 4161 353 4230 per
378 4141 595 4229 episcopatum
616 4134 808 4208 Frodezlan'
831 4143 864 4206 et
885 4137 1100 4227 episeopatum
1121 4135 1250 4206 Poznsn

83 4263 347 4344 trunsourrentes,
380 4262 481 4326 totum
513 4257 580 4324 lere
608 4262 726 4326 terrum
753 4257 827 4342 igne
856 4260 888 4323 et
914 4253 1020 4340 gladio
1045 4254 1249 4324 vastavimus.

153 4393 178 4446 l.
196 4389 329 4446 Bouthen.
400 4391 426 4446 2.
443 4390 566 4446 Breslsu.
