<?xml version="1.0" encoding="UTF-8"?>
<!DOCTYPE html PUBLIC "-//W3C//DTD XHTML 1.0 Transitional//EN"
    "http://www.w3.org/TR/xhtml1/DTD/xhtml1-transitional.dtd">
<html xmlns="http://www.w3.org/1999/xhtml" xml:lang="en" lang="en">
 <head>
  <title>
</title>
<meta http-equiv="Content-Type" content="text/html;charset=utf-8" />
  <meta name='ocr-system' content='tesseract 3.04.00' />
  <meta name='ocr-capabilities' content='ocr_page ocr_carea ocr_par ocr_line ocrx_word'/>
</head>
<body>
  <div class='ocr_page' id='page_1' title='image "./bibliothecareru05jaffgoog_0108.png"; bbox 0 0 3117 4859; ppageno 0'>
   <div class='ocr_carea' id='block_1_1' title="bbox 323 275 1142 370">
    <p class='ocr_par' dir='ltr' id='par_1_1' title="bbox 323 275 1142 370">
     <span class='ocr_line' id='line_1_1' title="bbox 323 275 1142 370; baseline -0.004 -2"><span class='ocrx_word' id='word_1_1' title='bbox 323 301 387 370; x_wconf 86' lang='grc'><strong>100</strong></span> <span class='ocrx_word' id='word_1_2' title='bbox 670 320 820 368; x_wconf 76' lang='lat' dir='ltr'><strong>wmnrmr</strong></span> <span class='ocrx_word' id='word_1_3' title='bbox 841 318 1028 368; x_wconf 75' lang='lat' dir='ltr'><strong>nsrsronsn</strong></span> <span class='ocrx_word' id='word_1_4' title='bbox 1049 317 1087 366; x_wconf 85' lang='lat' dir='ltr'><strong>ra.</strong></span> <span class='ocrx_word' id='word_1_5' title='bbox 1103 275 1142 366; x_wconf 77' lang='lat' dir='ltr'><strong>aa</strong></span> 
     </span>
    </p>
   </div>
   <div class='ocr_carea' id='block_1_2' title="bbox 153 455 1487 1583">
    <p class='ocr_par' dir='ltr' id='par_1_2' title="bbox 153 455 1487 1583">
     <span class='ocr_line' id='line_1_2' title="bbox 153 455 1482 550; baseline 0 -28"><span class='ocrx_word' id='word_1_6' title='bbox 153 459 461 547; x_wconf 77' lang='lat' dir='ltr'><strong>1131·1151fioentia‚</strong></span> <span class='ocrx_word' id='word_1_7' title='bbox 485 462 569 548; x_wconf 91' lang='lat' dir='ltr'><strong>quod</strong></span> <span class='ocrx_word' id='word_1_8' title='bbox 590 463 624 529; x_wconf 95' lang='lat' dir='ltr'><strong>in</strong></span> <span class='ocrx_word' id='word_1_9' title='bbox 646 467 816 550; x_wconf 87' lang='lat' dir='ltr'><strong>conspectu</strong></span> <span class='ocrx_word' id='word_1_10' title='bbox 837 466 961 530; x_wconf 88' lang='lat' dir='ltr'><strong>vestrae</strong></span> <span class='ocrx_word' id='word_1_11' title='bbox 985 460 1147 546; x_wconf 78' lang='lat' dir='ltr'><strong>dignitatis</strong></span> <span class='ocrx_word' id='word_1_12' title='bbox 1169 464 1295 525; x_wconf 89' lang='lat' dir='ltr'><strong>nostrae</strong></span> <span class='ocrx_word' id='word_1_13' title='bbox 1317 455 1482 524; x_wconf 76' lang='lat' dir='ltr'><strong>audtmns&#39;</strong></span> 
     </span>
     <span class='ocr_line' id='line_1_3' title="bbox 318 575 1483 664; baseline -0.007 -17"><span class='ocrx_word' id='word_1_14' title='bbox 318 579 521 646; x_wconf 79' lang='lat' dir='ltr'><strong>manifestare</strong></span> <span class='ocrx_word' id='word_1_15' title='bbox 542 579 706 647; x_wconf 76' lang='lat' dir='ltr'><strong>schedulas</strong></span> <span class='ocrx_word' id='word_1_16' title='bbox 729 579 926 664; x_wconf 78' lang='lat' dir='ltr'><strong>exiguitatis3</strong></span> <span class='ocrx_word' id='word_1_17' title='bbox 954 599 1065 646; x_wconf 86' lang='lat' dir='ltr'><strong>verum</strong></span> <span class='ocrx_word' id='word_1_18' title='bbox 1087 596 1145 644; x_wconf 89' lang='lat' dir='ltr'><strong>nec</strong></span> <span class='ocrx_word' id='word_1_19' title='bbox 1166 575 1352 643; x_wconf 84' lang='lat' dir='ltr'><strong>temeritatis</strong></span> <span class='ocrx_word' id='word_1_20' title='bbox 1376 593 1483 660; x_wconf 83' lang='lat' dir='ltr'><strong>super·</strong></span> 
     </span>
     <span class='ocr_line' id='line_1_4' title="bbox 318 689 1483 783; baseline -0.006 -21"><span class='ocrx_word' id='word_1_21' title='bbox 318 695 390 762; x_wconf 93' lang='lat' dir='ltr'><strong>cilio</strong></span> <span class='ocrx_word' id='word_1_22' title='bbox 423 695 457 762; x_wconf 93' lang='lat' dir='ltr'><strong>id</strong></span> <span class='ocrx_word' id='word_1_23' title='bbox 483 696 603 763; x_wconf 89' lang='lat' dir='ltr'><strong>iactum</strong></span> <span class='ocrx_word' id='word_1_24' title='bbox 631 696 792 764; x_wconf 81' lang='lat' dir='ltr'><strong>existimet</strong></span> <span class='ocrx_word' id='word_1_25' title='bbox 818 701 943 764; x_wconf 89' lang='lat' dir='ltr'><strong>vestrae</strong></span> <span class='ocrx_word' id='word_1_26' title='bbox 970 693 1098 783; x_wconf 87' lang='lat' dir='ltr'><strong>pietatis</strong></span> <span class='ocrx_word' id='word_1_27' title='bbox 1127 713 1195 760; x_wconf 88' lang='lat' dir='ltr'><strong>esse</strong></span> <span class='ocrx_word' id='word_1_28' title='bbox 1222 690 1370 776; x_wconf 80' lang='lat' dir='ltr'><strong>dignatio.</strong></span> <span class='ocrx_word' id='word_1_29' title='bbox 1416 689 1483 756; x_wconf 91' lang='lat' dir='ltr'><strong>Non</strong></span> 
     </span>
     <span class='ocr_line' id='line_1_5' title="bbox 318 808 1484 900; baseline -0.008 -20"><span class='ocrx_word' id='word_1_30' title='bbox 318 831 391 896; x_wconf 80' lang='lat' dir='ltr'><strong>ergo</strong></span> <span class='ocrx_word' id='word_1_31' title='bbox 417 811 478 880; x_wconf 91' lang='lat' dir='ltr'><strong>hoc</strong></span> <span class='ocrx_word' id='word_1_32' title='bbox 506 814 540 880; x_wconf 91' lang='lat' dir='ltr'><strong>in</strong></span> <span class='ocrx_word' id='word_1_33' title='bbox 569 808 681 900; x_wconf 89' lang='lat' dir='ltr'><strong>opere¹</strong></span> <span class='ocrx_word' id='word_1_34' title='bbox 702 813 880 881; x_wconf 72' lang='lat' dir='ltr'><strong>luculentae</strong></span> <span class='ocrx_word' id='word_1_35' title='bbox 901 810 1101 880; x_wconf 78' lang='lat' dir='ltr'><strong>verbositatis</strong></span> <span class='ocrx_word' id='word_1_36' title='bbox 1129 809 1318 892; x_wconf 79' lang='lat' dir='ltr'><strong>investigare</strong></span> <span class='ocrx_word' id='word_1_37' title='bbox 1340 811 1484 874; x_wconf 87' lang='lat' dir='ltr'><strong>ornatum</strong></span> 
     </span>
     <span class='ocr_line' id='line_1_6' title="bbox 317 921 1484 1017; baseline -0.005 -21"><span class='ocrx_word' id='word_1_38' title='bbox 317 933 411 1016; x_wconf 80' lang='lat' dir='ltr'><strong>etque</strong></span> <span class='ocrx_word' id='word_1_39' title='bbox 443 930 694 997; x_wconf 86' lang='lat' dir='ltr'><strong>animaduertere</strong></span> <span class='ocrx_word' id='word_1_40' title='bbox 726 930 767 998; x_wconf 91' lang='lat' dir='ltr'><strong>ab</strong></span> <span class='ocrx_word' id='word_1_41' title='bbox 799 930 947 1017; x_wconf 90' lang='lat' dir='ltr'><strong>imperito</strong></span> <span class='ocrx_word' id='word_1_42' title='bbox 976 926 1081 995; x_wconf 86' lang='lat' dir='ltr'><strong>velitis</strong></span> <span class='ocrx_word' id='word_1_43' title='bbox 1112 925 1245 1012; x_wconf 74' lang='lat' dir='ltr'><strong>qualiter</strong></span> <span class='ocrx_word' id='word_1_44' title='bbox 1279 921 1484 1006; x_wconf 80' lang='lat' dir='ltr'><strong>enucleatum,</strong></span> 
     </span>
     <span class='ocr_line' id='line_1_7' title="bbox 316 1038 1486 1135; baseline -0.007 -22"><span class='ocrx_word' id='word_1_45' title='bbox 316 1045 444 1114; x_wconf 78' lang='lat' dir='ltr'><strong>vernrnl</strong></span> <span class='ocrx_word' id='word_1_46' title='bbox 472 1067 536 1134; x_wconf 87' lang='lat' dir='ltr'><strong>qua</strong></span> <span class='ocrx_word' id='word_1_47' title='bbox 567 1046 610 1113; x_wconf 87' lang='lat' dir='ltr'><strong>sit</strong></span> <span class='ocrx_word' id='word_1_48' title='bbox 641 1047 791 1135; x_wconf 83' lang='lat' dir='ltr'><strong>respicite</strong></span> <span class='ocrx_word' id='word_1_49' title='bbox 819 1047 993 1114; x_wconf 89' lang='lat' dir='ltr'><strong>intentione</strong></span> <span class='ocrx_word' id='word_1_50' title='bbox 1020 1043 1188 1132; x_wconf 83' lang='lat' dir='ltr'><strong>prolatum.</strong></span> <span class='ocrx_word' id='word_1_51' title='bbox 1233 1040 1276 1108; x_wconf 90' lang='lat' dir='ltr'><strong>Ut</strong></span> <span class='ocrx_word' id='word_1_52' title='bbox 1302 1041 1400 1124; x_wconf 78' lang='lat' dir='ltr'><strong>igitur</strong></span> <span class='ocrx_word' id='word_1_53' title='bbox 1427 1038 1486 1105; x_wconf 88' lang='lat' dir='ltr'><strong>hoc</strong></span> 
     </span>
     <span class='ocr_line' id='line_1_8' title="bbox 315 1155 1486 1244; baseline -0.005 -15"><span class='ocrx_word' id='word_1_54' title='bbox 315 1167 456 1230; x_wconf 79' lang='lat' dir='ltr'><strong>vestrae⁶</strong></span> <span class='ocrx_word' id='word_1_55' title='bbox 473 1163 714 1230; x_wconf 72' lang='lat' dir='ltr'><strong>examinationis</strong></span> <span class='ocrx_word' id='word_1_56' title='bbox 735 1163 900 1231; x_wconf 91' lang='lat' dir='ltr'><strong>roboretur</strong></span> <span class='ocrx_word' id='word_1_57' title='bbox 915 1161 1041 1244; x_wconf 89' lang='lat' dir='ltr'><strong>iudicio,</strong></span> <span class='ocrx_word' id='word_1_58' title='bbox 1064 1160 1103 1227; x_wconf 91' lang='lat' dir='ltr'><strong>de</strong></span> <span class='ocrx_word' id='word_1_59' title='bbox 1117 1163 1240 1226; x_wconf 85' lang='lat' dir='ltr'><strong>vestrae</strong></span> <span class='ocrx_word' id='word_1_60' title='bbox 1254 1155 1486 1242; x_wconf 77' lang='lat' dir='ltr'><strong>magnificentia</strong></span> 
     </span>
     <span class='ocr_line' id='line_1_9' title="bbox 315 1273 1487 1367; baseline -0.003 -21"><span class='ocrx_word' id='word_1_61' title='bbox 315 1277 474 1348; x_wconf 84' lang='lat' dir='ltr'><strong>confidem</strong></span> <span class='ocrx_word' id='word_1_62' title='bbox 499 1281 648 1367; x_wconf 85' lang='lat' dir='ltr'><strong>pietatis,</strong></span> <span class='ocrx_word' id='word_1_63' title='bbox 676 1279 791 1347; x_wconf 89' lang='lat' dir='ltr'><strong>vestris</strong></span> <span class='ocrx_word' id='word_1_64' title='bbox 814 1279 974 1347; x_wconf 89' lang='lat' dir='ltr'><strong>obtutibus</strong></span> <span class='ocrx_word' id='word_1_65' title='bbox 996 1281 1212 1365; x_wconf 88' lang='lat' dir='ltr'><strong>repraesento,</strong></span> <span class='ocrx_word' id='word_1_66' title='bbox 1242 1295 1302 1361; x_wconf 90' lang='lat' dir='ltr'><strong>quo</strong></span> <span class='ocrx_word' id='word_1_67' title='bbox 1325 1275 1430 1359; x_wconf 85' lang='lat' dir='ltr'><strong>vigeat</strong></span> <span class='ocrx_word' id='word_1_68' title='bbox 1452 1273 1487 1342; x_wconf 88' lang='lat' dir='ltr'><strong>iu</strong></span> 
     </span>
     <span class='ocr_line' id='line_1_10' title="bbox 316 1390 1485 1484; baseline -0.004 -22"><span class='ocrx_word' id='word_1_69' title='bbox 316 1394 420 1482; x_wconf 89' lang='lat' dir='ltr'><strong>aliquo</strong></span> <span class='ocrx_word' id='word_1_70' title='bbox 435 1397 544 1483; x_wconf 72' lang='lat' dir='ltr'><strong>vestrl,</strong></span> <span class='ocrx_word' id='word_1_71' title='bbox 567 1397 596 1465; x_wconf 90' lang='lat' dir='ltr'><strong>si</strong></span> <span class='ocrx_word' id='word_1_72' title='bbox 610 1397 766 1484; x_wconf 89' lang='lat' dir='ltr'><strong>displicet,</strong></span> <span class='ocrx_word' id='word_1_73' title='bbox 790 1397 915 1464; x_wconf 90' lang='lat' dir='ltr'><strong>arbitrii</strong></span> <span class='ocrx_word' id='word_1_74' title='bbox 929 1396 1096 1483; x_wconf 77' lang='lat' dir='ltr'><strong>correptio,</strong></span> <span class='ocrx_word' id='word_1_75' title='bbox 1112 1398 1304 1478; x_wconf 81' lang='lat' dir='ltr'><strong>vestraeque,</strong></span> <span class='ocrx_word' id='word_1_76' title='bbox 1327 1392 1355 1458; x_wconf 87' lang='lat' dir='ltr'><strong>si</strong></span> <span class='ocrx_word' id='word_1_77' title='bbox 1368 1390 1485 1478; x_wconf 72' lang='lat' dir='ltr'><strong>placet,</strong></span> 
     </span>
     <span class='ocr_line' id='line_1_11' title="bbox 314 1513 982 1583; baseline 0.001 -4"><span class='ocrx_word' id='word_1_78' title='bbox 314 1513 479 1582; x_wconf 86' lang='lat' dir='ltr'><strong>roboretur</strong></span> <span class='ocrx_word' id='word_1_79' title='bbox 502 1513 790 1583; x_wconf 84' lang='lat' dir='ltr'><strong>adminiculationis</strong></span> <span class='ocrx_word' id='word_1_80' title='bbox 813 1513 948 1582; x_wconf 89' lang='lat' dir='ltr'><strong>decreto.</strong></span> <span class='ocrx_word' id='word_1_81' title='bbox 980 1575 982 1580; x_wconf 89' lang='lat'><em>.</em></span> 
     </span>
    </p>
   </div>
   <div class='ocr_carea' id='block_1_3' title="bbox 315 1785 1547 2050">
    <p class='ocr_par' dir='ltr' id='par_1_3' title="bbox 315 1785 1547 2050">
     <span class='ocr_line' id='line_1_12' title="bbox 315 1785 1485 1904; baseline -0.007 0"><span class='ocrx_word' id='word_1_82' title='bbox 315 1831 377 1904; x_wconf 81' lang='lat'><strong>20.</strong></span> <span class='ocrx_word' id='word_1_83' title='bbox 406 1835 565 1903; x_wconf 62' lang='lat' dir='ltr'><strong>coarcat</strong></span> <span class='ocrx_word' id='word_1_84' title='bbox 588 1837 777 1904; x_wconf 57' lang='lat' dir='ltr'><strong>caroasco</strong></span> <span class='ocrx_word' id='word_1_85' title='bbox 801 1785 1172 1904; x_wconf 63' lang='lat' dir='ltr'><strong>concussorem·</strong></span> <span class='ocrx_word' id='word_1_86' title='bbox 1193 1832 1232 1898; x_wconf 73' lang='lat' dir='ltr'><strong>a</strong></span> <span class='ocrx_word' id='word_1_87' title='bbox 1252 1835 1315 1897; x_wconf 68' lang='lat' dir='ltr'><strong>esra</strong></span> <span class='ocrx_word' id='word_1_88' title='bbox 1337 1840 1367 1896; x_wconf 69' lang='lat' dir='ltr'><strong>a</strong></span> <span class='ocrx_word' id='word_1_89' title='bbox 1385 1832 1485 1896; x_wconf 74' lang='lat' dir='ltr'><strong>maa-</strong></span> 
     </span>
     <span class='ocr_line' id='line_1_13' title="bbox 404 1944 1547 2050; baseline -0.006 -32"><span class='ocrx_word' id='word_1_90' title='bbox 404 1952 482 2018; x_wconf 75' lang='lat' dir='ltr'><strong>cula&#39;o</strong></span> <span class='ocrx_word' id='word_1_91' title='bbox 496 1954 523 2018; x_wconf 85' lang='lat' dir='ltr'><strong>b.</strong></span> <span class='ocrx_word' id='word_1_92' title='bbox 536 1953 723 2029; x_wconf 72' lang='lat' dir='ltr'><strong>Foronuaoe&#39;</strong></span> <span class='ocrx_word' id='word_1_93' title='bbox 736 1955 796 2020; x_wconf 77' lang='lat' dir='ltr'><strong>sibi</strong></span> <span class='ocrx_word' id='word_1_94' title='bbox 809 1954 908 2019; x_wconf 80' lang='lat' dir='ltr'><strong>missis</strong></span> <span class='ocrx_word' id='word_1_95' title='bbox 924 1975 993 2018; x_wconf 71' lang='lat' dir='ltr'><strong>mom</strong></span> <span class='ocrx_word' id='word_1_96' title='bbox 1009 1973 1133 2018; x_wconf 66' lang='lat' dir='ltr'><strong>cesamo</strong></span> <span class='ocrx_word' id='word_1_97' title='bbox 1147 1945 1335 2035; x_wconf 67' lang='lat' dir='ltr'><strong>respondeo.</strong></span> <span class='ocrx_word' id='word_1_98' title='bbox 1370 1944 1486 2028; x_wconf 84' lang='grc'><strong>(11.6.)</strong></span> <span class='ocrx_word' id='word_1_99' title='bbox 1546 2047 1547 2050; x_wconf 8' lang='lat'>¹</span> 
     </span>
    </p>
   </div>
   <div class='ocr_carea' id='block_1_4' title="bbox 146 2089 1488 2278">
    <p class='ocr_par' dir='ltr' id='par_1_4' title="bbox 146 2089 1488 2278">
     <span class='ocr_line' id='line_1_14' title="bbox 146 2089 1486 2178; baseline -0.003 -21"><span class='ocrx_word' id='word_1_100' title='bbox 146 2102 302 2158; x_wconf 85' lang='lat'>1131-1151</span> <span class='ocrx_word' id='word_1_101' title='bbox 401 2090 514 2160; x_wconf 86' lang='lat' dir='ltr'><strong>Frater</strong></span> <span class='ocrx_word' id='word_1_102' title='bbox 535 2091 699 2161; x_wconf 77' lang='lat' dir='ltr'><strong>wiboldus</strong></span> <span class='ocrx_word' id='word_1_103' title='bbox 731 2094 792 2161; x_wconf 92' lang='lat' dir='ltr'><strong>Dei</strong></span> <span class='ocrx_word' id='word_1_104' title='bbox 825 2094 928 2178; x_wconf 81' lang='lat' dir='ltr'><strong>gratia</strong></span> <span class='ocrx_word' id='word_1_105' title='bbox 963 2091 1157 2160; x_wconf 86' lang='lat' dir='ltr'><strong>Stabulensis</strong></span> <span class='ocrx_word' id='word_1_106' title='bbox 1192 2089 1339 2159; x_wconf 87' lang='lat' dir='ltr'><strong>ecclesiae</strong></span> <span class='ocrx_word' id='word_1_107' title='bbox 1372 2105 1486 2154; x_wconf 79' lang='lat' dir='ltr'><strong>servus</strong></span> 
     </span>
     <span class='ocr_line' id='line_1_15' title="bbox 314 2199 1488 2278; baseline -0.003 -4"><span class='ocrx_word' id='word_1_108' title='bbox 314 2207 428 2275; x_wconf 93' lang='lat' dir='ltr'><strong>domno</strong></span> <span class='ocrx_word' id='word_1_109' title='bbox 448 2209 639 2277; x_wconf 90' lang='lat' dir='ltr'><strong>Theoderico</strong></span> <span class='ocrx_word' id='word_1_110' title='bbox 662 2209 835 2278; x_wconf 89' lang='lat' dir='ltr'><strong>venerabili</strong></span> <span class='ocrx_word' id='word_1_111' title='bbox 851 2208 1115 2278; x_wconf 76' lang='lat' dir='ltr'><strong>walciodorensis</strong></span> <span class='ocrx_word' id='word_1_112' title='bbox 1138 2207 1286 2276; x_wconf 87' lang='lat' dir='ltr'><strong>ecclesiae</strong></span> <span class='ocrx_word' id='word_1_113' title='bbox 1306 2199 1430 2272; x_wconf 84' lang='lat' dir='ltr'><strong>abbati¹</strong></span> <span class='ocrx_word' id='word_1_114' title='bbox 1453 2208 1488 2270; x_wconf 90' lang='lat' dir='ltr'><strong>et</strong></span> 
     </span>
    </p>
   </div>
   <div class='ocr_carea' id='block_1_5' title="bbox 313 2319 1488 2414">
    <p class='ocr_par' dir='ltr' id='par_1_5' title="bbox 313 2319 1488 2414">
     <span class='ocr_line' id='line_1_16' title="bbox 313 2319 1488 2414; baseline -0.005 -22"><span class='ocrx_word' id='word_1_115' title='bbox 313 2325 484 2393; x_wconf 85' lang='lat' dir='ltr'><strong>reverendo</strong></span> <span class='ocrx_word' id='word_1_116' title='bbox 513 2327 649 2394; x_wconf 82' lang='lat' dir='ltr'><strong>fratrum</strong></span> <span class='ocrx_word' id='word_1_117' title='bbox 676 2327 859 2412; x_wconf 86' lang='lat' dir='ltr'><strong>conventui,</strong></span> <span class='ocrx_word' id='word_1_118' title='bbox 890 2326 1005 2394; x_wconf 89' lang='lat' dir='ltr'><strong>divinis</strong></span> <span class='ocrx_word' id='word_1_119' title='bbox 1034 2347 1158 2414; x_wconf 91' lang='lat' dir='ltr'><strong>semper</strong></span> <span class='ocrx_word' id='word_1_120' title='bbox 1184 2322 1347 2409; x_wconf 82' lang='lat' dir='ltr'><strong>invigilare</strong></span> <span class='ocrx_word' id='word_1_121' title='bbox 1369 2319 1488 2388; x_wconf 86' lang='lat' dir='ltr'><strong>studiis</strong></span> 
     </span>
    </p>
   </div>
   <div class='ocr_carea' id='block_1_6' title="bbox 311 2442 1488 3932">
    <p class='ocr_par' dir='ltr' id='par_1_6' title="bbox 313 2442 712 2528">
     <span class='ocr_line' id='line_1_17' title="bbox 313 2442 712 2528; baseline 0.005 -20"><span class='ocrx_word' id='word_1_122' title='bbox 313 2445 345 2508; x_wconf 90' lang='lat' dir='ltr'><strong>et</strong></span> <span class='ocrx_word' id='word_1_123' title='bbox 366 2442 498 2528; x_wconf 89' lang='lat' dir='ltr'><strong>provehi</strong></span> <span class='ocrx_word' id='word_1_124' title='bbox 519 2444 712 2511; x_wconf 88' lang='lat' dir='ltr'><strong>muneribus.</strong></span> 
     </span>
    </p>

    <p class='ocr_par' dir='ltr' id='par_1_7' title="bbox 311 2553 1488 3932">
     <span class='ocr_line' id='line_1_18' title="bbox 401 2553 1488 2656; baseline -0.004 -30"><span class='ocrx_word' id='word_1_125' title='bbox 401 2556 528 2656; x_wconf 84' lang='lat' dir='ltr'><strong>Gratias</strong></span> <span class='ocrx_word' id='word_1_126' title='bbox 543 2560 675 2646; x_wconf 78' lang='lat' dir='ltr'><strong>agimus,</strong></span> <span class='ocrx_word' id='word_1_127' title='bbox 699 2559 905 2645; x_wconf 75' lang='lat' dir='ltr'><strong>dilectissimi,</strong></span> <span class='ocrx_word' id='word_1_128' title='bbox 922 2560 1092 2628; x_wconf 87' lang='lat' dir='ltr'><strong>conditoris</strong></span> <span class='ocrx_word' id='word_1_129' title='bbox 1108 2558 1247 2625; x_wconf 91' lang='lat' dir='ltr'><strong>omnium</strong></span> <span class='ocrx_word' id='word_1_130' title='bbox 1260 2553 1488 2626; x_wconf 86' lang='lat' dir='ltr'><strong>inaestimabili</strong></span> 
     </span>
     <span class='ocr_line' id='line_1_19' title="bbox 311 2674 1487 2763; baseline -0.003 -22"><span class='ocrx_word' id='word_1_131' title='bbox 311 2675 442 2761; x_wconf 65' lang='lat' dir='ltr'><strong>gratim,</strong></span> <span class='ocrx_word' id='word_1_132' title='bbox 466 2676 520 2763; x_wconf 90' lang='lat' dir='ltr'><strong>qui</strong></span> <span class='ocrx_word' id='word_1_133' title='bbox 542 2676 731 2744; x_wconf 84' lang='lat' dir='ltr'><strong>universalis</strong></span> <span class='ocrx_word' id='word_1_134' title='bbox 754 2677 904 2744; x_wconf 83' lang='lat' dir='ltr'><strong>ecclesiae</strong></span> <span class='ocrx_word' id='word_1_135' title='bbox 928 2697 1003 2744; x_wconf 86' lang='lat' dir='ltr'><strong>suae</strong></span> <span class='ocrx_word' id='word_1_136' title='bbox 1024 2675 1267 2763; x_wconf 89' lang='lat' dir='ltr'><strong>pulcritudinem</strong></span> <span class='ocrx_word' id='word_1_137' title='bbox 1289 2674 1381 2741; x_wconf 89' lang='lat' dir='ltr'><strong>certis</strong></span> <span class='ocrx_word' id='word_1_138' title='bbox 1402 2677 1487 2739; x_wconf 91' lang='lat' dir='ltr'><strong>tem-</strong></span> 
     </span>
     <span class='ocr_line' id='line_1_20' title="bbox 311 2791 1487 2879; baseline -0.003 -22"><span class='ocrx_word' id='word_1_139' title='bbox 311 2791 441 2877; x_wconf 88' lang='lat' dir='ltr'><strong>poribus</strong></span> <span class='ocrx_word' id='word_1_140' title='bbox 460 2794 541 2861; x_wconf 89' lang='lat' dir='ltr'><strong>miro</strong></span> <span class='ocrx_word' id='word_1_141' title='bbox 557 2794 667 2861; x_wconf 89' lang='lat' dir='ltr'><strong>ordine</strong></span> <span class='ocrx_word' id='word_1_142' title='bbox 681 2794 805 2879; x_wconf 80' lang='lat' dir='ltr'><strong>magnis</strong></span> <span class='ocrx_word' id='word_1_143' title='bbox 821 2793 1012 2879; x_wconf 86' lang='lat' dir='ltr'><strong>auctoribus,</strong></span> <span class='ocrx_word' id='word_1_144' title='bbox 1032 2795 1101 2879; x_wconf 91' lang='lat' dir='ltr'><strong>ipse</strong></span> <span class='ocrx_word' id='word_1_145' title='bbox 1115 2791 1214 2858; x_wconf 82' lang='lat' dir='ltr'><strong>idem·</strong></span> <span class='ocrx_word' id='word_1_146' title='bbox 1229 2809 1328 2858; x_wconf 85' lang='lat' dir='ltr'><strong>novus</strong></span> <span class='ocrx_word' id='word_1_147' title='bbox 1343 2807 1487 2875; x_wconf 88' lang='lat' dir='ltr'><strong>semper-</strong></span> 
     </span>
     <span class='ocr_line' id='line_1_21' title="bbox 313 2907 1487 2996; baseline -0.002 -23"><span class='ocrx_word' id='word_1_148' title='bbox 313 2907 389 2994; x_wconf 84' lang='lat' dir='ltr'><strong>que‘</strong></span> <span class='ocrx_word' id='word_1_149' title='bbox 411 2910 570 2995; x_wconf 84' lang='lat' dir='ltr'><strong>perlectus</strong></span> <span class='ocrx_word' id='word_1_150' title='bbox 592 2911 722 2996; x_wconf 84' lang='lat' dir='ltr'><strong>artifex,</strong></span> <span class='ocrx_word' id='word_1_151' title='bbox 750 2910 958 2978; x_wconf 86' lang='lat' dir='ltr'><strong>condecorare</strong></span> <span class='ocrx_word' id='word_1_152' title='bbox 980 2931 1044 2976; x_wconf 95' lang='lat' dir='ltr'><strong>non</strong></span> <span class='ocrx_word' id='word_1_153' title='bbox 1067 2907 1198 2992; x_wconf 82' lang='lat' dir='ltr'><strong>desinit,</strong></span> <span class='ocrx_word' id='word_1_154' title='bbox 1221 2912 1257 2972; x_wconf 90' lang='lat' dir='ltr'><strong>ut</strong></span> <span class='ocrx_word' id='word_1_155' title='bbox 1277 2925 1487 2992; x_wconf 85' lang='lat' dir='ltr'><strong>unaquaeqne</strong></span> 
     </span>
     <span class='ocr_line' id='line_1_22' title="bbox 312 3022 1486 3113; baseline 0.001 -24"><span class='ocrx_word' id='word_1_156' title='bbox 312 3043 369 3110; x_wconf 90' lang='lat' dir='ltr'><strong>per</strong></span> <span class='ocrx_word' id='word_1_157' title='bbox 392 3025 501 3092; x_wconf 91' lang='lat' dir='ltr'><strong>orbem</strong></span> <span class='ocrx_word' id='word_1_158' title='bbox 523 3025 670 3113; x_wconf 79' lang='lat' dir='ltr'><strong>ecclesia,</strong></span> <span class='ocrx_word' id='word_1_159' title='bbox 696 3047 777 3113; x_wconf 90' lang='lat' dir='ltr'><strong>quae</strong></span> <span class='ocrx_word' id='word_1_160' title='bbox 800 3028 897 3094; x_wconf 89' lang='lat' dir='ltr'><strong>maris</strong></span> <span class='ocrx_word' id='word_1_161' title='bbox 919 3026 1019 3092; x_wconf 87' lang='lat' dir='ltr'><strong>undae</strong></span> <span class='ocrx_word' id='word_1_162' title='bbox 1041 3025 1200 3093; x_wconf 89' lang='lat' dir='ltr'><strong>interdum</strong></span> <span class='ocrx_word' id='word_1_163' title='bbox 1222 3023 1356 3110; x_wconf 88' lang='lat' dir='ltr'><strong>patitur,</strong></span> <span class='ocrx_word' id='word_1_164' title='bbox 1378 3022 1486 3090; x_wconf 87' lang='lat' dir='ltr'><strong>litoris</strong></span> 
     </span>
     <span class='ocr_line' id='line_1_23' title="bbox 312 3138 1487 3229; baseline 0 -24"><span class='ocrx_word' id='word_1_165' title='bbox 312 3143 418 3207; x_wconf 89' lang='lat' dir='ltr'><strong>tamen</strong></span> <span class='ocrx_word' id='word_1_166' title='bbox 432 3139 582 3208; x_wconf 88' lang='lat' dir='ltr'><strong>firmitate</strong></span> <span class='ocrx_word' id='word_1_167' title='bbox 598 3143 767 3229; x_wconf 87' lang='lat' dir='ltr'><strong>aliquando</strong></span> <span class='ocrx_word' id='word_1_168' title='bbox 779 3143 930 3228; x_wconf 48' lang='lat' dir='ltr'><strong>gandeat,¹</strong></span> <span class='ocrx_word' id='word_1_169' title='bbox 942 3141 1104 3229; x_wconf 88' lang='lat' dir='ltr'><strong>discipulis</strong></span> <span class='ocrx_word' id='word_1_170' title='bbox 1118 3143 1153 3208; x_wconf 93' lang='lat' dir='ltr'><strong>in</strong></span> <span class='ocrx_word' id='word_1_171' title='bbox 1166 3139 1311 3208; x_wconf 78' lang='lat' dir='ltr'><strong>navicula</strong></span> <span class='ocrx_word' id='word_1_172' title='bbox 1322 3138 1487 3206; x_wconf 85' lang='lat' dir='ltr'><strong>Christum</strong></span> 
     </span>
     <span class='ocr_line' id='line_1_24' title="bbox 313 3254 1487 3345; baseline 0.002 -25"><span class='ocrx_word' id='word_1_173' title='bbox 313 3254 518 3323; x_wconf 89' lang='lat' dir='ltr'><strong>dormientem</strong></span> <span class='ocrx_word' id='word_1_174' title='bbox 535 3259 745 3328; x_wconf 84' lang='lat' dir='ltr'><strong>excitantibus</strong></span> <span class='ocrx_word' id='word_1_175' title='bbox 761 3266 794 3327; x_wconf 93' lang='lat' dir='ltr'><strong>et</strong></span> <span class='ocrx_word' id='word_1_176' title='bbox 809 3259 934 3327; x_wconf 84' lang='lat' dir='ltr'><strong>Christe</strong></span> <span class='ocrx_word' id='word_1_177' title='bbox 948 3257 1093 3327; x_wconf 89' lang='lat' dir='ltr'><strong>fluctibus</strong></span> <span class='ocrx_word' id='word_1_178' title='bbox 1108 3258 1293 3345; x_wconf 86' lang='lat' dir='ltr'><strong>imperante.</strong></span> <span class='ocrx_word' id='word_1_179' title='bbox 1323 3255 1487 3323; x_wconf 85' lang='lat' dir='ltr'><strong>Christum</strong></span> 
     </span>
     <span class='ocr_line' id='line_1_25' title="bbox 311 3369 1487 3464; baseline 0.002 -27"><span class='ocrx_word' id='word_1_180' title='bbox 311 3373 436 3459; x_wconf 86' lang='lat' dir='ltr'><strong>ntique,</strong></span> <span class='ocrx_word' id='word_1_181' title='bbox 462 3374 591 3461; x_wconf 86' lang='lat' dir='ltr'><strong>fratres,</strong></span> <span class='ocrx_word' id='word_1_182' title='bbox 621 3380 653 3443; x_wconf 91' lang='lat' dir='ltr'><strong>et</strong></span> <span class='ocrx_word' id='word_1_183' title='bbox 679 3396 735 3445; x_wconf 89' lang='lat' dir='ltr'><strong>vos</strong></span> <span class='ocrx_word' id='word_1_184' title='bbox 766 3377 937 3464; x_wconf 91' lang='lat' dir='ltr'><strong>apostolico</strong></span> <span class='ocrx_word' id='word_1_185' title='bbox 967 3373 1110 3462; x_wconf 83' lang='lat' dir='ltr'><strong>exemplo</strong></span> <span class='ocrx_word' id='word_1_186' title='bbox 1138 3375 1172 3440; x_wconf 92' lang='lat' dir='ltr'><strong>in</strong></span> <span class='ocrx_word' id='word_1_187' title='bbox 1200 3379 1305 3442; x_wconf 86' lang='lat' dir='ltr'><strong>vestra</strong></span> <span class='ocrx_word' id='word_1_188' title='bbox 1337 3369 1487 3440; x_wconf 84' lang='lat' dir='ltr'><strong>navicula</strong></span> 
     </span>
     <span class='ocr_line' id='line_1_26' title="bbox 313 3488 1487 3580; baseline 0.001 -26"><span class='ocrx_word' id='word_1_189' title='bbox 313 3488 474 3575; x_wconf 84' lang='lat' dir='ltr'><strong>excitatis,</strong></span> <span class='ocrx_word' id='word_1_190' title='bbox 503 3492 579 3558; x_wconf 91' lang='lat' dir='ltr'><strong>dum</strong></span> <span class='ocrx_word' id='word_1_191' title='bbox 601 3493 732 3577; x_wconf 82' lang='lat' dir='ltr'><strong>vestris,</strong></span> <span class='ocrx_word' id='word_1_192' title='bbox 763 3493 876 3580; x_wconf 88' lang='lat' dir='ltr'><strong>quibus</strong></span> <span class='ocrx_word' id='word_1_193' title='bbox 900 3492 1032 3560; x_wconf 89' lang='lat' dir='ltr'><strong>ecclesia</strong></span> <span class='ocrx_word' id='word_1_194' title='bbox 1053 3496 1159 3559; x_wconf 89' lang='lat' dir='ltr'><strong>vestra</strong></span> <span class='ocrx_word' id='word_1_195' title='bbox 1180 3492 1316 3576; x_wconf 85' lang='lat' dir='ltr'><strong>regitur,</strong></span> <span class='ocrx_word' id='word_1_196' title='bbox 1339 3490 1487 3578; x_wconf 86' lang='lat' dir='ltr'><strong>patronis</strong></span> 
     </span>
     <span class='ocr_line' id='line_1_27' title="bbox 311 3603 1486 3694; baseline 0.004 -25"><span class='ocrx_word' id='word_1_197' title='bbox 311 3603 462 3673; x_wconf 91' lang='lat' dir='ltr'><strong>honorem</strong></span> <span class='ocrx_word' id='word_1_198' title='bbox 485 3613 517 3674; x_wconf 92' lang='lat' dir='ltr'><strong>et</strong></span> <span class='ocrx_word' id='word_1_199' title='bbox 539 3606 738 3675; x_wconf 89' lang='lat' dir='ltr'><strong>devotionem</strong></span> <span class='ocrx_word' id='word_1_200' title='bbox 760 3608 926 3694; x_wconf 83' lang='lat' dir='ltr'><strong>exhibetis,</strong></span> <span class='ocrx_word' id='word_1_201' title='bbox 950 3609 1026 3675; x_wconf 91' lang='lat' dir='ltr'><strong>dum</strong></span> <span class='ocrx_word' id='word_1_202' title='bbox 1048 3629 1094 3694; x_wconf 90' lang='lat' dir='ltr'><strong>ea,</strong></span> <span class='ocrx_word' id='word_1_203' title='bbox 1119 3628 1197 3694; x_wconf 89' lang='lat' dir='ltr'><strong>quae</strong></span> <span class='ocrx_word' id='word_1_204' title='bbox 1216 3607 1250 3673; x_wconf 91' lang='lat' dir='ltr'><strong>in</strong></span> <span class='ocrx_word' id='word_1_205' title='bbox 1265 3607 1310 3674; x_wconf 88' lang='lat' dir='ltr'><strong>eia</strong></span> <span class='ocrx_word' id='word_1_206' title='bbox 1324 3606 1392 3694; x_wconf 90' lang='lat' dir='ltr'><strong>ipse</strong></span> <span class='ocrx_word' id='word_1_207' title='bbox 1408 3625 1486 3694; x_wconf 88' lang='lat' dir='ltr'><strong>ope·</strong></span> 
     </span>
     <span class='ocr_line' id='line_1_28' title="bbox 311 3722 1485 3811; baseline 0.002 -23"><span class='ocrx_word' id='word_1_208' title='bbox 311 3726 401 3788; x_wconf 87' lang='lat' dir='ltr'><strong>ratur</strong></span> <span class='ocrx_word' id='word_1_209' title='bbox 428 3722 596 3809; x_wconf 85' lang='lat' dir='ltr'><strong>miracula,</strong></span> <span class='ocrx_word' id='word_1_210' title='bbox 629 3725 670 3811; x_wconf 86' lang='lat' dir='ltr'><strong>ad</strong></span> <span class='ocrx_word' id='word_1_211' title='bbox 698 3724 870 3792; x_wconf 88' lang='lat' dir='ltr'><strong>multorum</strong></span> <span class='ocrx_word' id='word_1_212' title='bbox 900 3725 1046 3793; x_wconf 90' lang='lat' dir='ltr'><strong>notitiam</strong></span> <span class='ocrx_word' id='word_1_213' title='bbox 1075 3729 1106 3794; x_wconf 90' lang='lat' dir='ltr'><strong>et</strong></span> <span class='ocrx_word' id='word_1_214' title='bbox 1136 3722 1382 3792; x_wconf 87' lang='lat' dir='ltr'><strong>aedificationem</strong></span> <span class='ocrx_word' id='word_1_215' title='bbox 1410 3743 1485 3810; x_wconf 89' lang='lat' dir='ltr'><strong>per-</strong></span> 
     </span>
     <span class='ocr_line' id='line_1_29' title="bbox 312 3836 1486 3932; baseline 0.002 -28"><span class='ocrx_word' id='word_1_216' title='bbox 312 3836 425 3906; x_wconf 90' lang='lat' dir='ltr'><strong>ducere</strong></span> <span class='ocrx_word' id='word_1_217' title='bbox 453 3838 648 3908; x_wconf 89' lang='lat' dir='ltr'><strong>desideratis.</strong></span> <span class='ocrx_word' id='word_1_218' title='bbox 739 3840 918 3932; x_wconf 87' lang='lat' dir='ltr'><strong>Scripsistis</strong></span> <span class='ocrx_word' id='word_1_219' title='bbox 941 3842 1031 3911; x_wconf 89' lang='lat' dir='ltr'><strong>nobis</strong></span> <span class='ocrx_word' id='word_1_220' title='bbox 1053 3863 1111 3932; x_wconf 87' lang='lat' dir='ltr'><strong>per</strong></span> <span class='ocrx_word' id='word_1_221' title='bbox 1133 3842 1263 3910; x_wconf 85' lang='lat' dir='ltr'><strong>fratrem</strong></span> <span class='ocrx_word' id='word_1_222' title='bbox 1284 3845 1429 3907; x_wconf 89' lang='lat' dir='ltr'><strong>nostrum</strong></span> <span class='ocrx_word' id='word_1_223' title='bbox 1451 3845 1486 3908; x_wconf 89' lang='lat' dir='ltr'><strong>et</strong></span> 
     </span>
    </p>
   </div>
   <div class='ocr_carea' id='block_1_7' title="bbox 311 3999 1484 4327">
    <p class='ocr_par' dir='ltr' id='par_1_8' title="bbox 311 3999 1484 4224">
     <span class='ocr_line' id='line_1_30' title="bbox 375 3999 1483 4064; baseline 0.002 -18"><span class='ocrx_word' id='word_1_224' title='bbox 375 4012 395 4046; x_wconf 77' lang='grc' dir='ltr'><strong>ι.</strong></span> <span class='ocrx_word' id='word_1_225' title='bbox 412 4000 535 4048; x_wconf 79' lang='lat' dir='ltr'><strong>audeamus</strong></span> <span class='ocrx_word' id='word_1_226' title='bbox 552 4004 573 4049; x_wconf 89' lang='lat'><strong>1.</strong></span> <span class='ocrx_word' id='word_1_227' title='bbox 624 4002 741 4050; x_wconf 80' lang='lat' dir='ltr'><strong>brorum</strong></span> <span class='ocrx_word' id='word_1_228' title='bbox 759 4027 785 4035; x_wconf 98' lang='lat'>-</span> <span class='ocrx_word' id='word_1_229' title='bbox 803 4003 916 4064; x_wconf 79' lang='lat' dir='ltr'><strong>prolatum</strong></span> <span class='ocrx_word' id='word_1_230' title='bbox 931 4019 974 4052; x_wconf 75' lang='lat' dir='ltr'><strong>om.</strong></span> <span class='ocrx_word' id='word_1_231' title='bbox 983 4006 1004 4051; x_wconf 91' lang='lat'><strong>1.</strong></span> <span class='ocrx_word' id='word_1_232' title='bbox 1013 4006 1035 4052; x_wconf 82' lang='lat' dir='ltr'><strong>a.</strong></span> <span class='ocrx_word' id='word_1_233' title='bbox 1087 4017 1107 4050; x_wconf 89' lang='lat' dir='ltr'><strong>c.</strong></span> <span class='ocrx_word' id='word_1_234' title='bbox 1122 4004 1212 4051; x_wconf 72' lang='lat' dir='ltr'><strong>vestrm</strong></span> <span class='ocrx_word' id='word_1_235' title='bbox 1228 4019 1270 4050; x_wconf 76' lang='lat' dir='ltr'><strong>em.</strong></span> <span class='ocrx_word' id='word_1_236' title='bbox 1284 4004 1305 4050; x_wconf 89' lang='lat'><strong>1.</strong></span> <span class='ocrx_word' id='word_1_237' title='bbox 1318 4003 1340 4048; x_wconf 86' lang='grc'><strong>8.</strong></span> <span class='ocrx_word' id='word_1_238' title='bbox 1387 3999 1410 4046; x_wconf 78' lang='lat' dir='ltr'><strong>d</strong></span> <span class='ocrx_word' id='word_1_239' title='bbox 1427 4001 1483 4048; x_wconf 74' lang='lat' dir='ltr'><strong>Edi·</strong></span> 
     </span>
     <span class='ocr_line' id='line_1_31' title="bbox 312 4079 1484 4143; baseline 0.001 -17"><span class='ocrx_word' id='word_1_240' title='bbox 312 4079 390 4126; x_wconf 70' lang='lat' dir='ltr'><strong>dant</strong></span> <span class='ocrx_word' id='word_1_241' title='bbox 404 4081 426 4126; x_wconf 94' lang='grc'><strong>1.</strong></span> <span class='ocrx_word' id='word_1_242' title='bbox 443 4083 546 4127; x_wconf 74' lang='lat' dir='ltr'><strong>Murteae</strong></span> <span class='ocrx_word' id='word_1_243' title='bbox 561 4092 583 4128; x_wconf 79' lang='lat' dir='ltr'><strong>et</strong></span> <span class='ocrx_word' id='word_1_244' title='bbox 591 4083 697 4139; x_wconf 76' lang='lat' dir='ltr'><strong>Dutoud,</strong></span> <span class='ocrx_word' id='word_1_245' title='bbox 716 4085 738 4129; x_wconf 88' lang='grc'><strong>2.</strong></span> <span class='ocrx_word' id='word_1_246' title='bbox 754 4084 870 4130; x_wconf 60' lang='lat' dir='ltr'><strong>mabillon</strong></span> <span class='ocrx_word' id='word_1_247' title='bbox 886 4088 945 4131; x_wconf 75' lang='lat' dir='ltr'><strong>Acta</strong></span> <span class='ocrx_word' id='word_1_248' title='bbox 958 4087 999 4133; x_wconf 82' lang='lat' dir='ltr'><strong>SS.</strong></span> <span class='ocrx_word' id='word_1_249' title='bbox 1010 4101 1071 4131; x_wconf 74' lang='lat' dir='ltr'><strong>suen</strong></span> <span class='ocrx_word' id='word_1_250' title='bbox 1082 4083 1108 4131; x_wconf 81' lang='lat' dir='ltr'><strong>V.</strong></span> <span class='ocrx_word' id='word_1_251' title='bbox 1120 4083 1173 4140; x_wconf 78' lang='lat'><strong>58⁷,</strong></span> <span class='ocrx_word' id='word_1_252' title='bbox 1189 4085 1211 4130; x_wconf 82' lang='grc'><strong>3.</strong></span> <span class='ocrx_word' id='word_1_253' title='bbox 1222 4079 1354 4143; x_wconf 79' lang='lat' dir='ltr'><strong>Papaelrerlr</strong></span> <span class='ocrx_word' id='word_1_254' title='bbox 1364 4083 1425 4128; x_wconf 75' lang='lat' dir='ltr'><strong>Acta</strong></span> <span class='ocrx_word' id='word_1_255' title='bbox 1440 4083 1484 4130; x_wconf 79' lang='lat' dir='ltr'><strong>SS.</strong></span> 
     </span>
     <span class='ocr_line' id='line_1_32' title="bbox 311 4161 1376 4224; baseline -0.001 -16"><span class='ocrx_word' id='word_1_256' title='bbox 311 4162 367 4218; x_wconf 71' lang='lat' dir='ltr'><strong>apr.</strong></span> <span class='ocrx_word' id='word_1_257' title='bbox 381 4161 407 4207; x_wconf 73' lang='grc' dir='ltr'><strong>Τ.</strong></span> <span class='ocrx_word' id='word_1_258' title='bbox 414 4163 459 4208; x_wconf 87' lang='lat'><em>111.</em></span> <span class='ocrx_word' id='word_1_259' title='bbox 473 4161 527 4219; x_wconf 73' lang='lat' dir='ltr'><strong>aot,</strong></span> <span class='ocrx_word' id='word_1_260' title='bbox 543 4162 565 4210; x_wconf 77' lang='lat'><strong>4.</strong></span> <span class='ocrx_word' id='word_1_261' title='bbox 581 4163 699 4221; x_wconf 77' lang='lat' dir='ltr'><strong>D&#39;Actery</strong></span> <span class='ocrx_word' id='word_1_262' title='bbox 713 4165 794 4222; x_wconf 69' lang='lat' dir='ltr'><strong>spica.</strong></span> <span class='ocrx_word' id='word_1_263' title='bbox 804 4167 837 4212; x_wconf 89' lang='lat'><strong>11.</strong></span> <span class='ocrx_word' id='word_1_264' title='bbox 847 4163 900 4211; x_wconf 87' lang='grc'><strong>708.</strong></span> <span class='ocrx_word' id='word_1_265' title='bbox 963 4178 983 4211; x_wconf 86' lang='grc' dir='ltr'><strong>ο.</strong></span> <span class='ocrx_word' id='word_1_266' title='bbox 1000 4181 1042 4211; x_wconf 79' lang='lat' dir='ltr'><strong>om.</strong></span> <span class='ocrx_word' id='word_1_267' title='bbox 1055 4165 1078 4212; x_wconf 92' lang='grc'><strong>2.</strong></span> <span class='ocrx_word' id='word_1_268' title='bbox 1139 4163 1156 4210; x_wconf 82' lang='lat' dir='ltr'><strong>f.</strong></span> <span class='ocrx_word' id='word_1_269' title='bbox 1172 4176 1262 4224; x_wconf 83' lang='lat' dir='ltr'><strong>semper</strong></span> <span class='ocrx_word' id='word_1_270' title='bbox 1276 4163 1300 4208; x_wconf 86' lang='lat' dir='ltr'><strong>et</strong></span> <span class='ocrx_word' id='word_1_271' title='bbox 1315 4163 1337 4208; x_wconf 91' lang='grc'><strong>2.</strong></span> <span class='ocrx_word' id='word_1_272' title='bbox 1352 4161 1376 4208; x_wconf 80' lang='grc'><strong>8.</strong></span> 
     </span>
    </p>

    <p class='ocr_par' dir='ltr' id='par_1_9' title="bbox 383 4253 1482 4327">
     <span class='ocr_line' id='line_1_33' title="bbox 383 4253 1482 4327; baseline 0.001 -17"><span class='ocrx_word' id='word_1_273' title='bbox 383 4256 409 4310; x_wconf 91' lang='grc'><strong>1.</strong></span> <span class='ocrx_word' id='word_1_274' title='bbox 431 4254 498 4313; x_wconf 82' lang='lat' dir='ltr'><strong>Vita</strong></span> <span class='ocrx_word' id='word_1_275' title='bbox 518 4257 547 4314; x_wconf 91' lang='lat' dir='ltr'><strong>b.</strong></span> <span class='ocrx_word' id='word_1_276' title='bbox 563 4257 719 4314; x_wconf 81' lang='lat' dir='ltr'><strong>Forannsui</strong></span> <span class='ocrx_word' id='word_1_277' title='bbox 741 4257 785 4313; x_wconf 80' lang='lat' dir='ltr'><strong>ed</strong></span> <span class='ocrx_word' id='word_1_278' title='bbox 801 4259 932 4316; x_wconf 82' lang='lat' dir='ltr'><strong>Mobillon</strong></span> <span class='ocrx_word' id='word_1_279' title='bbox 954 4259 1028 4316; x_wconf 78' lang='lat' dir='ltr'><strong>Acta</strong></span> <span class='ocrx_word' id='word_1_280' title='bbox 1045 4259 1094 4316; x_wconf 83' lang='lat' dir='ltr'><strong>SS.</strong></span> <span class='ocrx_word' id='word_1_281' title='bbox 1111 4275 1184 4316; x_wconf 84' lang='lat' dir='ltr'><strong>saec.</strong></span> <span class='ocrx_word' id='word_1_282' title='bbox 1197 4259 1232 4316; x_wconf 92' lang='lat' dir='ltr'><strong>V.</strong></span> <span class='ocrx_word' id='word_1_283' title='bbox 1247 4257 1313 4327; x_wconf 74' lang='lat'>588,</span> <span class='ocrx_word' id='word_1_284' title='bbox 1336 4257 1411 4312; x_wconf 81' lang='lat' dir='ltr'><strong>Acta</strong></span> <span class='ocrx_word' id='word_1_285' title='bbox 1432 4253 1482 4313; x_wconf 80' lang='grc'><strong>88.</strong></span> 
     </span>
    </p>
   </div>
   <div class='ocr_carea' id='block_1_8' title="bbox 309 4341 1483 4491">
    <p class='ocr_par' dir='ltr' id='par_1_10' title="bbox 309 4341 1483 4491">
     <span class='ocr_line' id='line_1_34' title="bbox 311 4341 1483 4419; baseline 0.006 -22"><span class='ocrx_word' id='word_1_286' title='bbox 311 4341 383 4398; x_wconf 88' lang='lat' dir='ltr'><strong>Bell.</strong></span> <span class='ocrx_word' id='word_1_287' title='bbox 394 4343 463 4413; x_wconf 85' lang='lat' dir='ltr'><strong>Apr.</strong></span> <span class='ocrx_word' id='word_1_288' title='bbox 483 4345 514 4400; x_wconf 87' lang='lat' dir='ltr'><strong>T.</strong></span> <span class='ocrx_word' id='word_1_289' title='bbox 528 4346 577 4402; x_wconf 88' lang='lat' dir='ltr'><strong>Ill.</strong></span> <span class='ocrx_word' id='word_1_290' title='bbox 596 4346 659 4403; x_wconf 82' lang='grc'><strong>814.</strong></span> <span class='ocrx_word' id='word_1_291' title='bbox 730 4347 757 4402; x_wconf 90' lang='grc'><strong>2.</strong></span> <span class='ocrx_word' id='word_1_292' title='bbox 782 4363 864 4419; x_wconf 88' lang='lat' dir='ltr'><strong>quem</strong></span> <span class='ocrx_word' id='word_1_293' title='bbox 881 4354 930 4406; x_wconf 90' lang='lat' dir='ltr'><strong>aut</strong></span> <span class='ocrx_word' id='word_1_294' title='bbox 948 4354 1067 4406; x_wconf 84' lang='lat' dir='ltr'><strong>exeunte</strong></span> <span class='ocrx_word' id='word_1_295' title='bbox 1083 4365 1110 4406; x_wconf 82' lang='lat' dir='ltr'><strong>a.</strong></span> <span class='ocrx_word' id='word_1_296' title='bbox 1123 4349 1191 4405; x_wconf 80' lang='lat'>1151</span> <span class='ocrx_word' id='word_1_297' title='bbox 1209 4352 1259 4404; x_wconf 83' lang='lat' dir='ltr'><strong>aut</strong></span> <span class='ocrx_word' id='word_1_298' title='bbox 1274 4345 1354 4403; x_wconf 86' lang='lat' dir='ltr'><strong>initio</strong></span> <span class='ocrx_word' id='word_1_299' title='bbox 1371 4345 1483 4404; x_wconf 59' lang='lat'>&amp;1152</span> 
     </span>
     <span class='ocr_line' id='line_1_35' title="bbox 309 4429 550 4491; baseline 0 0"><span class='ocrx_word' id='word_1_300' title='bbox 309 4429 415 4491; x_wconf 74' lang='lat' dir='ltr'><strong>uouere</strong></span> <span class='ocrx_word' id='word_1_301' title='bbox 431 4438 550 4491; x_wconf 81' lang='lat' dir='ltr'><strong>constat</strong></span> 
     </span>
    </p>
   </div>
   <div class='ocr_carea' id='block_1_9' title="bbox 0 0 1564 4859">
    <p class='ocr_par' dir='ltr' id='par_1_11' title="bbox 0 0 1564 4859">
     <span class='ocr_line' id='line_1_36' title="bbox 0 0 1564 4859; baseline 0 1"><span class='ocrx_word' id='word_1_302' title='bbox 0 0 1564 4859; x_wconf 95' lang='lat' dir='ltr'><strong> </strong></span> 
     </span>
    </p>
   </div>
  </div>
 </body>
</html>
