3117 4859
443 283 592 331 wmunur
612 281 800 331 nnmnomn
820 283 858 330 ιι.
874 283 912 330 ee.
1197 267 1259 335 105

97 427 148 492 rix
174 424 232 492 ulli
259 426 450 510 negotiatori
475 426 580 492 fuerat
608 427 768 512 exposita,
796 425 887 492 vobis
909 426 1035 494 tandem
1057 427 1188 512 fulgoris
1211 430 1260 496 sui
1280 433 1348 488 1146
1358 449 1425 520 9¹·-

96 542 189 609 radiis
209 542 441 630 pretiosissime
461 543 646 629 comparuit
691 541 752 621 Qui
773 543 859 610 nitor
879 541 982 628 illiue,
1005 545 1093 611 cuiue
1116 551 1260 633 sepeetns
1279 505 1388 562 llllu

97 664 142 726 eet
162 658 298 726 salubris
321 665 355 726 et
375 660 629 743 iucundissimus,
651 658 766 726 vestris
790 661 886 725 stiam
909 660 1062 744 condigne
1078 663 1216 728 innotuit
1229 667 1261 732 et

96 774 283 861 complacuit
303 776 479 859 obtutibue;
502 777 576 843 scd·
599 776 674 862 qnia
694 775 763 842 Deo
787 777 952 843 ordinante
974 775 1014 842 de
1032 779 1162 865 propria
1176 798 1260 844 oem-

17 892 19 935 l
94 893 205 976 munis,
228 891 268 958 de
288 897 399 959 nostru
419 894 485 960 iam
506 899 613 960 vestra
634 898 667 959 et
687 899 798 959 nostra
818 893 903 958 iacta
925 897 982 978 est,
1006 913 1100 979 quam
1122 895 1261 963 studiose

93 1007 207 1092 foueri,
236 1028 331 1094 quam
358 1009 525 1094 diligenter
550 1009 660 1076 baberi
689 1014 722 1075 et
742 1010 845 1076 teneri
867 1009 993 1094 debeat,
1021 1015 1127 1078 vestra
1148 1010 1260 1078 melius

92 1125 179 1190 nouit
208 1125 353 1192 eruditio.
398 1125 442 1192 Et
467 1125 544 1192 licet
570 1126 611 1192 de
639 1126 841 1210 benignitatis
871 1131 993 1192 vestrae
1021 1127 1260 1194 mansuetudine

14 1224 15 1299 l
93 1261 128 1306 ec
154 1242 322 1309 mediatis
349 1242 513 1309 dulcedine
534 1261 599 1309 non
619 1242 779 1308 modicum
801 1240 1009 1327 confidemus,
1038 1247 1159 1328 minen,
1187 1245 1261 1330 quia

92 1357 227 1424 multum
249 1357 280 1424 ci
301 1359 461 1444 debemus,
485 1379 578 1445 quem
600 1359 723 1426 sineere
745 1364 778 1426 et
799 1379 878 1445 pure
892 1359 1063 1443 diligimus,
1085 1379 1143 1447 per
1157 1359 1261 1428 Deum

12 1472 13 1507 ¹
93 1494 151 1559 quo
178 1474 262 1540 nihil
289 1474 472 1559 sublimine,
500 1495 559 1562 per
580 1477 745 1542 cantatam
766 1474 938 1542 fraternam
962 1497 1025 1562 qua
1045 1475 1125 1542 nihil
1146 1475 1204 1542 hon
1226 1477 1260 1544 in

91 1591 207 1657 mundo
234 1596 284 1658 eet
305 1590 399 1658 altius
421 1591 652 1678 supplicemus,
680 1597 717 1658 ut
739 1611 827 1677 eum,
856 1593 911 1678 qui
932 1593 1049 1660 nostrie
1071 1592 1260 1660 utilitatibus
1373 1579 1378 1592 ’

91 1712 221 1794 propter
243 1727 300 1774 voe
323 1708 365 1774 ad
386 1708 497 1774 heram
519 1709 698 1776 subtractus
720 1713 771 1774 eet
793 1713 825 1774 et
838 1713 962 1776 vestrm
976 1707 1050 1776 fidei
1064 1711 1258 1795 commissus,

8 1866 9 1879 2
91 1824 245 1908 condigno
272 1823 415 1892 habeatis
442 1824 576 1909 honore,
605 1829 760 1910 quatenns
788 1845 864 1910 ergo
888 1845 997 1892 euram
1018 1829 1156 1914 suseepti
1177 1827 1260 1912 regi·

7 1964 9 2033 s
91 1943 183 2008 minis
205 1962 243 2009 eo
263 1941 411 2009 libentius
426 1942 568 2028 desudet,
590 1961 653 2028 quo
667 1961 724 2006 vos
739 1941 779 2007 ad
795 1942 1015 2010 sustentandus
1030 1963 1142 2010 manus
1158 1942 1261 2030 Moysi

6 2062 8 2085 l
90 2057 236 2125 humeros
267 2059 496 2146 supposueritis
522 2057 662 2126 liberine.
708 2057 746 2124 ln
772 2058 832 2124 hoe
853 2077 924 2126 oum
951 2057 1148 2126 Amalechite
1168 2059 1260 2127 facile

4 2226 5 2291 ι
90 2176 234 2262 superari
261 2180 412 2262 poterunt
432 2176 538 2242 hostes
560 2175 725 2260 utriusque
748 2174 912 2260 eeclesiae,
942 2181 1065 2244 vestrae
1088 2177 1208 2244 seilicet
1229 2181 1261 2246 et

89 2299 225 2360 nense

92 2504 151 2578 28.
176 2507 381 2574 Rcinbordm
409 2507 504 2574 abbas
530 2509 750 2574 Rectum
776 2507 916 2574 Wltoldo
938 2506 1029 2596 sacto
1058 2508 1162 2574 athad
1185 2507 1260 2574 Cor·

175 2626 293 2692 teiooi
311 2625 496 2711 proiciatur.
1120 2619 1174 2703 (M
1195 2621 1258 2704 12.)

178 2795 291 2824 ....·.
311 2757 441 2824 tationis
469 2761 565 2842 etque
591 2756 736 2824 lectionis
763 2775 823 2824 nec
849 2756 954 2822 minus
981 2755 1085 2841 operis
1107 2754 1260 2823 instantia
1277 2765 1347 2822 1146
1356 2783 1425 2818 οι-

89 2875 360 2962 perseverassem
390 2893 480 2940 mam
506 2874 623 2958 rupen
650 2873 800 2940 exercuit„
845 2871 925 2951 ona
951 2876 1058 2938 temen
1079 2871 1174 2938 nemu
1195 2872 1259 2939 ne-
1277 2837 1387 2894 ¹¹4⁷⁵¹¹·

90 2997 221 3078 quentee
249 2994 453 3078 tempestates
480 2990 597 3056 mentis
623 3010 713 3057 meae
734 2989 913 3056 naviculam
936 2988 1074 3055 erebrius
1096 2989 1179 3056 inter
1200 3009 1259 3055 un·
1371 2997 1375 3016 ¹

90 3107 183 3175 doses
207 3113 240 3174 et
261 3107 452 3194 procellosas
474 3105 635 3173 molestius
656 3106 843 3174 iactitabant
864 3111 897 3172 et
917 3104 1157 3172 desiderabilem
1171 3110 1259 3172 han-

90 3224 281 3310 qnillitatem
310 3225 411 3312 ipsius
434 3223 635 3290 vehementer
656 3222 901 3306 conturbabant,
928 3241 1004 3288 usus
1027 3221 1156 3289 coneilio
1178 3223 1260 3290 sieut

89 3341 188 3408 michi
208 3339 360 3422 vlideltnr
382 3359 446 3405 non
466 3339 588 3423 inutili,
615 3339 725 3406 remmi
746 3338 896 3405 iratribus
918 3339 998 3406 meis
1020 3359 1128 3406 omnes
1149 3359 1259 3406 mona·
1395 3423 1399 3430 Ι

89 3459 179 3524 eterii
200 3457 332 3541 reditus,
356 3460 392 3521 ιιι
412 3455 476 3543 ipsi
498 3475 556 3543 per
578 3455 726 3523 officiales
749 3474 822 3522 snos
840 3455 945 3522 omnia
958 3456 1122 3543 recipiunt,
1144 3476 1203 3523 nee
1218 3456 1259 3523 ed

89 3593 202 3640 manne
230 3593 318 3640 meae
342 3621 454 3638 .....
469 3593 489 3638 o
510 3571 624 3638 talium
649 3571 830 3659 respiciant.
875 3570 929 3638 Ad
955 3592 1034 3659 opus
1057 3592 1130 3639 uero
1153 3593 1258 3640 meum

88 3694 214 3756 tantum
235 3689 345 3757 desem
359 3688 476 3755 solidos
491 3709 531 3755 ex
545 3689 595 3756 his
610 3688 764 3756 reditibus
780 3690 899 3776 excepi,
923 3688 1133 3775 superadditis
1148 3689 1258 3776 paucis

87 3807 121 3872 in
144 3806 282 3892 quadum
304 3805 473 3873 solitudine
495 3806 597 3890 agris,
620 3824 698 3890 quoe
721 3809 845 3888 egomet
866 3804 1027 3872 elaborare
1050 3806 1128 3893 cepi.
1173 3804 1256 3872 Male

88 3923 174 3991 enim
193 3924 300 3990 minus
321 3920 439 3990 habere
460 3921 625 4008 potestatis
648 3920 699 3988 vel
721 3942 801 4007 quae
815 3921 939 3988 videtur
960 3921 1117 4006 utilitatis,
1139 3927 1176 3987 ut
1191 3941 1257 3988 am·

87 4039 172 4126 plius
193 4039 357 4126 possidere
378 4039 498 4126 possim
511 4038 768 4124 tranquillitatis.
837 4037 893 4105 Set
914 4039 978 4104 iem
999 4044 1194 4106 revertamur
1217 4037 1258 4104 ad

88 4160 136 4240 te,
163 4156 398 4222 considerantes
420 4154 579 4221 mirabilia
601 4154 745 4240 Domini,
769 4175 849 4240 quae
870 4153 1087 4241 multiplieiter
1109 4157 1257 4239 operatus

90 4277 138 4338 est
163 4273 249 4339 circa
275 4277 316 4338 te.
361 4271 532 4339 Enimvero
559 4269 649 4339 erumb
673 4292 747 4361 sepe
775 4273 889 4338 tacitus
917 4291 954 4338 ee
974 4291 1099 4337 mecum
1119 4268 1256 4355 revolvo,

159 4413 509 4476 tudsmiprosiroed.
569 4413 917 4478 buumbialegs'twimd.
