3117 4859
342 272 406 339 132
688 288 838 337 wmsum
858 288 1045 337 surerenas
1065 286 1156 336 sess

226 434 294 491 114⁷
340 436 372 498 et
399 428 582 517 disciplinae
609 429 762 515 regularis
792 431 929 498 doctore.
973 431 1041 515 En,
1069 450 1149 517 quae
1175 428 1260 496 maia
1282 448 1340 516 per
1359 426 1501 495 subditos

198 510 261 569 δορὶ
272 508 321 557 θοι
339 547 428 614 nobis
450 553 657 633 succrescant,
680 548 857 632 intelligitis
879 554 921 634 et,
946 549 1021 634 quia
1036 547 1259 615 detrimentum
1272 546 1315 612 sit
1329 544 1418 611 omni
1430 562 1503 630 pro·

338 664 440 751 posito
462 669 580 748 norbo,
604 664 702 731 scitis.
737 664 790 731 Ad
811 666 899 731 cuius
922 666 970 731 rei
991 663 1238 732 sublevationem
1256 661 1439 730 testimonio
1452 680 1504 726 ve·

338 785 403 847 stro
426 780 540 848 domno
563 780 735 867 apostolico
758 780 922 866 dirigendo
944 779 1036 847 nobis
1058 779 1128 847 sitis
1149 780 1185 846 in
1199 778 1456 861 consolationem,
1477 778 1505 842 si

338 897 378 963 ad
399 898 569 965 torminum
593 903 718 966 nostrae
739 898 914 965 vocationis
936 898 1046 964 uenire
1067 917 1131 963 non
1151 896 1289 983 possitis.
1327 892 1505 974 Quomodo-

336 1034 469 1101 cumque
498 1035 532 1081 se
561 1034 612 1081 res
639 1014 769 1099 babeat,
797 1035 856 1082 nos
878 1014 1022 1100 coquenti
1043 1013 1094 1080 dio
1115 1014 1341 1101 postiemum·
1362 1011 1506 1079 omnium

336 1126 534 1199 sanctorum¹
556 1131 659 1216 exire,
688 1116 814 1199 dilectio
837 1136 945 1198 vestra
966 1130 1060 1215 sciat,
1085 1150 1178 1217 quam
1198 1130 1289 1197 nobis
1312 1128 1427 1196 messe
1448 1127 1506 1194 ibi·

336 1248 418 1334 dem,
441 1246 543 1317 tidelis
566 1253 736 1315 conventos
759 1253 867 1316 noster
890 1247 1071 1332 diligentius
1092 1247 1255 1314 nobiscum
1276 1250 1377 1334 optat

338 1498 399 1569 55.
431 1498 589 1565 Wiboldas
606 1498 744 1566 Goidooi
759 1500 944 1565 conoeliorio
960 1500 1152 1565 comendae
1166 1498 1306 1587 Alolsam
1319 1496 1507 1564 Faldemem

431 1626 460 1681 et
480 1614 697 1681 Reinburdum
717 1616 976 1681 Reiosbasensem
999 1616 1130 1682 abbates.
1365 1610 1425 1695 (Μ
1441 1613 1505 1693 33.)

249 1754 316 1809 1147
423 1746 605 1814 Reverendo
633 1748 719 1834 patri
747 1768 803 1815 suo
832 1752 864 1813 et
890 1748 1016 1815 domino
1039 1746 1176 1816 Gnidoni
1198 1752 1323 1813 sanctae
1343 1746 1506 1813 Romanae

261 1827 310 1875 Μ’
336 1862 485 1931 ecclesiae
507 1860 678 1930 cardinal?
701 1869 733 1930 et
756 1864 942 1931 cancellario
957 1864 1120 1931 Wibaldus
1142 1862 1203 1931 Dei
1224 1864 1327 1949 gratia
1344 1864 1401 1949 id,
1426 1859 1507 1950 quod

337 1981 441 2048 estin
464 1980 614 2047 aecclesia
636 1979 799 2064 catholica,
823 2001 857 2046 se
879 1982 984 2069 ipsum
1007 2001 1078 2048 cum
1101 1981 1166 2047 suis
1189 1980 1342 2047 omnibus.

425 2095 603 2162 Audierunt
625 2096 717 2162 multi
740 2116 780 2163 ex
802 2096 953 2164 iratribus
975 2098 1102 2182 nostris,
1130 2099 1212 2183 quod
1233 2096 1414 2164 invenimus
1438 2116 1507 2181 gra·

336 2212 415 2279 tiam
436 2212 471 2277 in
493 2218 663 2299 conspectu
685 2218 805 2294 vestro;
830 2218 862 2279 et
883 2214 996 2280 iccirco
1020 2218 1181 2302 expetunt,
1206 2214 1351 2299 quatinus
1376 2234 1434 2279 eos
1456 2232 1507 2279 ve·

336 2335 420 2397 strae
443 2328 627 2396 clementiae
649 2329 1034 2411 attentiuscommendare
1050 2331 1226 2398 debeamus.
1259 2328 1324 2396 Nos
1340 2330 1404 2396 etsi
1419 2348 1506 2395 vcro-

336 2444 436 2513 cunde
458 2444 518 2512 hoc
533 2446 677 2529 facimus,
700 2446 847 2513 timentes
863 2467 993 2514 onerare
1008 2452 1145 2514 mentem
1159 2452 1297 2515 vestram
1312 2467 1395 2531 quae
1410 2445 1507 2513 totins

335 2560 445 2629 mundi
473 2560 684 2629 sollicitudine
712 2562 807 2647 plena
835 2568 899 2648 est,
928 2570 1035 2629 tamen
1064 2584 1101 2630 ea
1129 2564 1219 2631 nobis
1248 2563 1435 2647 paduanus
1461 2565 1507 2628 est

335 2680 472 2764 occasio,
503 2698 583 2764 quae
611 2678 702 2745 nobis
725 2684 864 2745 vestram
892 2679 1089 2747 dulcedinem
1110 2680 1260 2746 visitandi
1287 2684 1318 2746 et
1345 2676 1505 2746 salutandi

334 2797 501 2863 materiam
524 2800 654 2881 prestat.
685 2794 816 2861 Vestrae
836 2796 943 2881 itaque
957 2796 1092 2864 bonitati
1107 2795 1359 2863 commendamus
1372 2797 1505 2862 fratrem

336 2918 480 2979 nostrum
501 2910 691 2978 Fuldensem
714 2906 889 2997 abbatem⁸‚
917 2918 953 2979 ut
974 2934 1033 3001 pro
1055 2920 1181 2980 nosnos
1202 2912 1364 2999 petitionis
1388 2912 1504 2977 intuitu

335 3048 463 3096 causam
495 3028 596 3114 ipsius
624 3031 790 3113 protegere
816 3028 999 3113 dignemini.
1045 3029 1223 3115 Siquidem,
1257 3028 1340 3114 quod
1366 3028 1409 3096 de
1437 3029 1504 3113 ipso

284 3132 287 3141 ’
335 3144 425 3213 nobis
453 3150 649 3229 compertum
678 3148 740 3228 est,
769 3145 818 3211 vir
846 3150 989 3211 maturus
1019 3150 1050 3211 et
1075 3147 1181 3229 gravis
1204 3150 1252 3212 ost
1273 3144 1360 3211 etin
1381 3142 1504 3211 recolli-

335 3259 445 3346 gendis
475 3259 725 3346 possessionibus
755 3266 788 3327 et
809 3258 1005 3328 edificatione
1027 3262 1077 3327 sui
1098 3261 1281 3328 monasterii
1303 3264 1454 3328 constans
1475 3262 1504 3325 et

335 3376 433 3443 utilis.
475 3376 524 3442 De
547 3366 735 3442 adversariis
760 3378 825 3443 suis
848 3384 968 3443 certum
991 3381 1049 3460 est,
1072 3378 1156 3463 quod
1177 3382 1285 3444 contra
1305 3378 1504 3464 propositum

335 3514 428 3561 suum
450 3492 595 3577 veniunt,
620 3493 683 3578 qui,
707 3492 818 3559 relicta
839 3493 1042 3581 professionis
1066 3514 1140 3559 suae
1163 3492 1371 3578 observantia,
1396 3498 1503 3561 corba

334 3608 477 3693 reguiam
505 3628 642 3693 sacram,
672 3629 766 3694 quam
796 3630 893 3676 manu
915 3610 1032 3696 scripto
1056 3615 1088 3677 et
1109 3610 1183 3676 riva
1204 3630 1280 3678 voce
1301 3630 1335 3677 se
1357 3610 1502 3677 observa·

334 3731 423 3792 turos
452 3724 703 3811 spoponderunt,
731 3725 841 3793 litibus
863 3732 977 3793 vacant
999 3732 1130 3812 propter
1151 3726 1354 3793 ambitionem
1377 3734 1412 3793 et
1432 3745 1502 3812 pro-

334 3842 405 3930 pria
427 3840 599 3929 possident,
624 3862 663 3909 ex
687 3841 799 3928 quibus
815 3862 969 3930 expensas
983 3842 1134 3909 itinerum
1147 3842 1338 3930 potiuntur!
1407 3840 1501 3907 Lator

333 3959 546 4047 presentium,
576 3957 625 4023 vir
647 3958 836 4025 venerabilis
856 3958 1100 4027 Reinehusensis
1129 3954 1252 4043 abbas‘,
1279 3964 1407 4026 nostrae
1430 3956 1500 4024 udo

333 4074 504 4143 lescentiae
526 4074 677 4159 magister
700 4094 736 4142 ac
751 4082 918 4163 preceptor
933 4082 966 4144 et
979 4076 1013 4141 in
1028 4074 1144 4141 divinis
1160 4074 1317 4161 obsequiis
1331 4074 1498 4156 institutor,

405 4232 426 4267 r.
446 4217 529 4266 festum
548 4242 572 4249 -
591 4221 720 4265 sanctorum
736 4220 758 4264 s's
774 4218 851 4264 turra.
912 4216 935 4264 b.
956 4219 1073 4279 prtiuntur
1088 4238 1108 4265 ι.

404 4314 430 4369 1.
454 4314 525 4370 Nor.
537 4314 564 4370 2.
635 4314 662 4369 2.
685 4312 755 4368 diac.
774 4312 849 4369 card.
866 4312 915 4369 SS.
933 4312 1049 4370 cosmre
1066 4318 1097 4370 et
1113 4312 1249 4369 Drmiam
1319 4314 1347 4369 3.
1369 4308 1496 4369 Aloiinm.

333 4400 360 4455 4.
376 4401 558 4459 Reinbardus.
