3117 4859
301 258 367 325 110
692 276 842 325 wmnrmr
861 275 1027 325 semrom
1046 274 1085 323 aa.

303 416 364 490 32.
386 416 547 487 wibaldus
568 420 749 487 Ret‘nbardo
778 422 884 487 abbati
904 420 1109 488 Rotuba-renai
1135 421 1307 508 respondet.
1345 420 1399 487 De
1420 444 1472 485 crs·

389 548 493 625 sceptu
516 538 642 603 abbatis
658 538 832 603 Cardalena
848 538 1087 625 praelationem
1104 560 1167 624 pro
1183 537 1376 603 »colombeo
1398 538 1473 602 sim·

384 654 544 741 plicitate«
569 656 679 741 arguit
1332 650 1387 734 (bl.
1405 652 1473 733 35.)

213 797 282 855 1147
389 777 571 846 Reverendo
593 778 678 864 patri
700 796 737 843 ac
754 778 931 864 preceptori
946 796 1003 844 suo
1016 775 1220 860 R(einhardo)
1235 775 1472 845 Renechusensi

302 895 408 963 abbati
429 916 504 962 suus
527 894 652 962 auditor
662 891 836 979 Wibaldns,
859 893 1005 981 quicquid
1022 900 1071 961 est
1090 896 1124 960 in
1140 893 1291 961 aecclesia
1305 894 1473 980 catholica,

301 1033 359 1101 per
381 1012 528 1100 adeptam
550 1011 652 1078 cordis
674 1010 866 1077 mundiciam
887 1012 995 1079 videre
1017 1010 1120 1078 Deum
1142 1010 1272 1078 deorum
1292 1011 1328 1077 in
1350 1011 1451 1100 Syon.

390 1129 513 1209 Quanto
537 1128 678 1196 caritatis
701 1128 806 1195 studio
829 1129 989 1196 actionum
1010 1133 1191 1195 nostrarum
1208 1127 1332 1196 litteras
1341 1125 1360 1214 ¹,
1384 1129 1475 1197 ride-

301 1246 377 1315 licet
398 1246 594 1334 quarundam
615 1244 836 1331 molestarum,
860 1240 1007 1312 'omnium
1027 1266 1103 1312 vero
1125 1243 1369 1331 laboriosarum,
1399 1267 1475 1333 per-

301 1364 452 1450 legeritis,
475 1368 566 1430 tenor
589 1360 739 1449 epistolae
760 1367 886 1430 vestrae
908 1363 1061 1446 declarat3
1084 1364 1118 1429 in
1142 1384 1213 1449 qua,
1235 1362 1474 1450 comprehensis

301 1482 440 1549 breviter
467 1480 607 1547 omnium
635 1500 742 1546 rerum
764 1480 927 1568 capitulis,
956 1486 989 1548 et
1011 1482 1051 1547 de
1073 1480 1315 1561 adversitatibus
1336 1485 1477 1568 paterna

302 1597 519 1686 compassione
540 1596 718 1664 indoluistis
742 1602 774 1664 ct
796 1597 837 1663 ad
858 1596 1161 1665 commendationem
1176 1602 1303 1664 nostrae
1317 1616 1477 1685 personae

303 1736 375 1783 cum
405 1714 475 1783 aliis
496 1734 555 1781 nos
578 1713 816 1781 defendentibus
838 1719 963 1781 restae
985 1734 1108 1801 quoque
1129 1713 1319 1781 laudationis
1341 1714 1476 1781 titulum

303 1832 503 1920 apposuistis.
551 1828 607 1898 Set
637 1836 673 1897 ut
702 1836 826 1898 vestrae
855 1832 1016 1898 sanctitati
1044 1852 1155 1898 verum
1183 1829 1368 1918 simpliciter
1397 1852 1475 1898 con-

301 1948 460 2035 fiteamur,
490 1947 557 2015 Deo
586 1948 632 2015 sic
659 1968 710 2014 res
739 1948 892 2015 humanas
922 1948 1120 2033 moderante,
1148 1948 1202 2034 qui
1223 1967 1280 2014 nos
1301 1968 1476 2035 perseque-

301 2068 430 2152 bantur,
460 2065 585 2133 divinae
611 2064 745 2132 iniuriae
774 2064 909 2132 cultores
937 2071 1042 2150 crant3
1072 2070 1104 2132 et
1132 2064 1274 2151 quamvis
1302 2085 1360 2152 pro
1387 2064 1476 2132 mala

300 2170 475 2252 intentione
509 2182 735 2270 sempiternum
767 2204 806 2249 ve
837 2188 1047 2267 mererentur,
1080 2188 1187 2249 tamen
1217 2181 1382 2248 iustissimi
1411 2181 1475 2249 Dei

301 2301 402 2367 nostri
424 2300 515 2386 uirga
538 2305 628 2367 erant
644 2304 675 2366 et
689 2299 819 2366 baculus
832 2300 947 2366 frnoris
964 2300 1041 2367 eius.
1076 2298 1142 2387 lpsi
1156 2304 1261 2366 autem
1275 2299 1474 2382 nescierunt;

302 2422 334 2485 et
361 2418 442 2484 miro
469 2417 687 2506 perversitatis
715 2418 809 2483 modo
838 2416 1005 2483 adversum
1033 2437 1091 2483 nos
1118 2412 1272 2483 certatum
1293 2419 1349 2482 est.
1383 2414 1475 2483 Deli·

302 2534 456 2602 cientibus
479 2536 633 2622 siquidem
657 2534 846 2602 adversariis
868 2534 903 2600 in
925 2553 1020 2600 causa
1042 2538 1075 2599 ct
1096 2533 1182 2599 omni
1203 2532 1346 2600 veritatis
1362 2530 1474 2599 firma-

302 2657 409 2719 mento
432 2652 607 2737 destitutis,
636 2672 735 2718 unum
758 2656 828 2719 erat
849 2654 1017 2737 conceptae
1039 2649 1215 2717 dolositatis
1236 2650 1408 2735 refugium,
1437 2654 1474 2716 ut

302 2790 359 2836 nos
383 2769 532 2837 conviciis
556 2774 588 2836 et
610 2768 787 2857 obprobriis
802 2767 987 2852 lacerarent,
1011 2787 1088 2855 quos
1105 2768 1228 2834 ratione
1244 2787 1392 2853 superare
1407 2786 1474 2833 non

303 2890 459 2973 poterant,
483 2893 515 2953 et
535 2886 683 2971 malignis
706 2885 810 2953 verbis
832 2885 949 2952 famam
969 2888 1110 2952 nostram
1126 2884 1365 2952 contaminando
1381 2885 1472 2970 prius

304 3002 483 3069 auditorum
506 3004 626 3070 animos
649 3006 758 3068 contra
779 3022 838 3068 nos
861 3002 1094 3086 exacerbarent,
1118 3022 1212 3088 quam
1228 3002 1385 3069 incorum
1401 3020 1472 3069 cor-

304 3118 395 3187 dibus
424 3138 531 3186 rerum
553 3119 670 3186 veritas
693 3123 802 3205 posset
823 3119 1047 3186 convalescere.
1087 3117 1143 3185 Set
1162 3118 1305 3206 porrexit
1325 3116 1471 3185 Christus

144 3326 147 3333 1
303 3256 361 3325 pro
385 3256 419 3303 se
440 3234 597 3303 laboranti
615 3234 892 3304 clementissimam
907 3238 1070 3304 dexteram
1091 3240 1124 3303 ct
1143 3235 1230 3302 dedit
1249 3256 1320 3302 cum
1333 3240 1472 3322 tempta·

155 3406 162 3428 ,
301 3352 389 3420 tione
411 3358 608 3440 proventum,
632 3358 668 3420 ut
690 3373 853 3441 possemus
876 3354 1040 3421 sustinere.
1078 3351 1134 3419 Hii
1152 3373 1238 3438 rero,
1260 3351 1314 3438 qui
1328 3372 1385 3420 nos
1399 3357 1471 3421 tue·

302 3469 433 3556 bantur,
469 3471 606 3557 equitate
638 3490 750 3539 causae
782 3470 945 3557 delectati,
977 3472 1011 3537 in
1039 3475 1150 3537 nostra
1175 3470 1410 3537 conversatione
1440 3476 1472 3538 et

301 3586 441 3654 moribus
468 3588 673 3675 fallebantur,
705 3590 884 3675 credentes,
911 3593 978 3655 tam
1005 3586 1215 3655 necessarium
1242 3591 1309 3653 tam
1336 3586 1471 3653 arduum

301 3704 463 3789 negotium
492 3706 511 3772 t
537 3726 672 3793 persona
698 3706 789 3773 exilis
813 3711 845 3773 et
867 3709 1045 3773 contractae
1066 3706 1150 3773 vitae
1171 3725 1235 3771 non
1257 3704 1398 3791 potuisse
1420 3724 1471 3771 as·

303 3822 395 3888 sumi.
437 3820 493 3890 Set
520 3824 698 3891 columbina
726 3822 928 3911 simplicitate
956 3822 1047 3889 nobis
1076 3820 1350 3907 congratulamini,
1386 3820 1470 3908 quod

301 3938 425 4007 labores
458 3942 560 4008 nostri
592 3942 627 4008 in
661 3941 815 4009 catholica
848 3938 1000 4007 aecclesia
1033 3940 1184 4025 geminati
1210 3935 1300 4005 sunt⁸
1327 3944 1358 4006 et
1384 3938 1469 4005 ultra

301 4056 418 4125 virium
445 4064 626 4126 nostrarum
652 4058 834 4126 facultatem
856 4058 956 4141 aucti,
985 4062 1017 4124 et
1039 4056 1121 4144 quod
1143 4056 1184 4123 ad
1206 4061 1345 4141 gentem,
1375 4074 1469 4141 quam

300 4174 534 4263 ignorabamus,
557 4176 710 4262 uenimus,
733 4176 789 4245 ubi
811 4175 989 4243 orationum
1011 4181 1188 4243 vestrarum
1204 4178 1328 4240 tantum
1342 4192 1470 4255 egemus

301 4294 450 4383 presidio,
475 4299 591 4381 quanto
615 4298 647 4361 ct
668 4292 888 4361 sollicitudinis
911 4293 1055 4360 anxietas
1078 4296 1126 4359 est
1142 4290 1329 4359 cumulatior
1343 4292 1375 4356 et
1388 4294 1468 4357 tem-

374 4417 399 4473 1.
417 4414 459 4475 (ll.
478 4432 522 4487 cp.
535 4418 579 4474 31.
649 4417 675 4473 2.
695 4422 825 4488 suscepta
841 4416 953 4475 abbatis
970 4414 1137 4475 (lorbeiensi.
