3117 4859
347 221 415 289 480
682 237 832 288 wmarmr
852 237 1040 288 marones
1058 237 1114 285 aas.
1129 237 1183 285 ur.

243 387 311 443 1151
348 387 587 468 nostrorumque
608 383 743 466 negotiis
765 401 839 468 eepe
854 391 969 466 usque·
982 400 1067 447 uuuc
1081 379 1204 466 experti
1217 399 1337 462 mmm,
1360 378 1502 444 desdam
1557 374 1558 405 ³

226 464 330 584 effic
348 498 448 565 adhuc
469 499 504 564 in
532 498 652 565 cunods
682 499 799 565 sentire
820 517 885 564 uon
906 497 1103 579 dubitamue3
1130 495 1311 563 celsitudini
1331 500 1433 562 vestre
1451 494 1504 561 boe

346 615 611 702 repromittentes,
636 614 718 701 quod
741 614 782 680 ad
802 613 1049 701 promovendum
1071 612 1239 680 aecclesiae
1252 610 1316 678 Dei
1329 615 1363 677 et
1375 617 1504 677 veebum

346 731 507 816 bonorem,
531 735 649 818 quanta
663 730 812 798 debemus
827 729 1000 815 diligentia,
1023 749 1148 816 semper
1162 729 1277 796 erimus
1292 729 1407 815 parati
1436 726 1506 793 lude

347 853 405 932 est,
433 847 516 934 quod
537 867 594 914 uos
616 847 795 932 generalem
817 848 937 914 curiam
958 846 1043 933 apud
1064 845 1260 933 Herbipolim
1280 845 1386 911 medio
1407 863 1507 910 mmoc

225 975 329 1036 Soet-1⁶
347 963 525 1052 Septembri
547 962 772 1031 celebravimus
794 964 901 1050 ibique
923 963 1157 1051 expeditionem
1170 961 1323 1045 Italicam,
1345 960 1508 1046 receptisi

345 1080 541 1168 principibus
564 1080 618 1165 qui
640 1086 850 1148 convenerant
871 1079 933 1148 lide
954 1087 986 1149 et
1008 1079 1223 1163 recrementis,
1245 1076 1417 1145 efficaciter
1431 1076 1507 1142 ord

346 1197 499 1264 nevimus.
572 1195 609 1262 ln
631 1215 694 1282 qua
714 1198 776 1266 rite
798 1196 978 1284 peragenda
999 1196 1148 1283 quoniam
1164 1195 1324 1282 presentia
1337 1198 1372 1260 et
1385 1191 1507 1262 masilia

347 1313 453 1380 dilecti
480 1313 581 1379 nostri
602 1311 779 1396 Harltwiei)
801 1313 989 1380 venerabilis
1010 1311 1190 1380 Bremeusis
1212 1310 1444 1397 archiepiscopi
1462 1327 1507 1375 ca·

346 1449 416 1496 rere
437 1447 496 1495 nec
517 1428 665 1496 debemus
687 1449 745 1497 nec
765 1429 921 1514 volumus,
943 1429 1144 1517 paternitatis
1166 1434 1290 1495 vestrae
1312 1427 1508 1494 serenitatm
1557 1444 1558 1515 ι

346 1550 467 1614 attenta
488 1545 699 1613 benivolentia
718 1565 876 1631 rogamus,
898 1551 935 1612 ut
957 1544 1042 1614 diem
1063 1550 1096 1613 et
1115 1545 1286 1612 terminum
1307 1563 1368 1630 pro
1390 1561 1508 1609 consa·

345 1663 449 1729 raudo
475 1661 653 1729 Bremensis
682 1661 851 1730 aecclesiae
879 1662 1031 1746 dignitate
1059 1661 1122 1729 sibi
1149 1661 1354 1728 coustitutum
1380 1657 1508 1742 benigue

346 1777 394 1844 illi
420 1779 605 1864 remittatis,
635 1784 666 1846 et
694 1799 822 1846 causam
849 1779 950 1865 ipsius
979 1799 1078 1865 usque
1105 1778 1148 1843 ad
1172 1781 1318 1843 nostrum
1343 1773 1507 1840 advenum

346 1893 507 1980 differetis,
530 1895 589 1961 hec
606 1895 794 1981 interposita
808 1942 905 1960 .....
921 1892 1125 1978 constantim,
1146 1899 1184 1960 ut
1203 1893 1239 1958 in
1252 1898 1361 1959 nostro
1378 1891 1507 1958 aduentu

347 2011 455 2078 eadem
481 2029 576 2078 causa
596 2011 631 2077 in
653 2017 759 2078 vestra
779 2013 940 2097 presentia
961 2011 1134 2078 secundnm
1153 2014 1295 2076 mucram
1316 2008 1508 2074 vemmtiaet

271 2213 278 2231 Ι
346 2127 485 2194 iustitiae
506 2128 702 2194 terminetur.
737 2123 855 2193 Confisi
877 2127 962 2194 enim
983 2127 1023 2194 de
1039 2131 1146 2194 vestre
1167 2125 1357 2209 sinceritate,
1380 2124 1508 2208 stetique

189 2261 194 2271 ·
346 2243 475 2310 oonsilio
499 2241 605 2310 dilecti
626 2241 727 2309 nostri
742 2241 931 2326 0(ctariaui)
950 2237 1137 2311 cardinalis¹
1149 2242 1259 2326 vestm,
1282 2241 1337 2326 qui
1350 2245 1430 2306 tuuc
1442 2259 1508 2327 pre·

346 2380 418 2427 sens
440 2365 518 2445 erat7
540 2359 698 2447 prefatum
721 2358 999 2447 archiepiscopum,
1022 2379 1095 2427 eum
1115 2359 1180 2425 iam
1203 2358 1244 2424 ad
1257 2358 1320 2424 iter
1334 2356 1507 2424 faciendum
1557 2342 1558 2411 l

346 2477 521 2544 succinctus
544 2481 636 2561 esset7
659 2475 743 2562 apud
764 2496 822 2543 nos
844 2476 1040 2560 retinuimus,
1062 2475 1152 2542 utin
1165 2479 1256 2541 tauta
1270 2478 1385 2541 ettam
1399 2471 1508 2539 celebri

346 2593 544 2681 expeditione
555 2612 628 2660 eum
638 2591 968 2678 promtiorem-luabere
979 2591 1148 2659 valeamus.
1210 2589 1508 2657 Sanctitativeetrac

346 2715 465 2777 attente
493 2709 746 2776 commendemus
775 2708 979 2775 karissimum
1005 2708 1096 2775 uobis
1119 2706 1339 2774 Gorbeienaem
1368 2706 1507 2773 abbatem

345 2825 539 2909 wibaldum,
566 2825 670 2890 virum
691 2827 800 2910 utique
826 2824 1014 2911 prudentem
1036 2829 1156 2890 ettam
1177 2823 1268 2891 robis
1290 2842 1387 2910 qnam
1410 2841 1507 2889 mero
1557 2826 1558 2829 ’

346 2947 472 3010 sanctae
494 2941 590 3008 matri
610 2945 716 3007 uostm
730 2939 870 3007 Romane
892 2941 1061 3008 aecclesiae
1081 2960 1140 3026 per
1161 2939 1269 3006 omnia
1284 2937 1506 3020 fidelissimum,

345 3064 381 3125 ut
410 3079 481 3126 eum
509 3076 567 3144 pro
594 3062 721 3124 nostroe
748 3058 923 3125 dilectionis
953 3063 986 3124 et
1012 3057 1173 3144 petitionis
1200 3055 1319 3122 iutuitu
1345 3054 1507 3123 elemmteu

346 3173 521 3261 excipiatis,
543 3177 609 3238 tam
631 3174 665 3238 in
686 3173 861 3260 privilegiis
884 3174 950 3240 suis
967 3172 1187 3241 confirmandis
1203 3192 1298 3257 quam
1311 3172 1346 3238 iu
1361 3173 1433 3239 aliie
1448 3171 1506 3237 su'u

344 3289 549 3378 petitionibus
578 3289 710 3373 benigue
737 3290 931 3376 exaudiatis,
961 3295 994 3358 et
1014 3290 1121 3376 aliqua
1141 3293 1264 3356 reomao
1286 3288 1506 3356 benedictionis
1557 3308 1558 3379 l

346 3411 378 3474 et
404 3406 525 3490 gratiae
551 3407 752 3494 prerogativa
776 3407 963 3492 insignitum
990 3406 1031 3474 ad
1056 3426 1115 3472 nos
1142 3425 1215 3472 cum
1241 3405 1358 3489 gaudio
1380 3405 1505 3473 celerius
1557 3382 1558 3455 l

344 3523 523 3592 remittatis.
1557 3538 1558 3555 ι

348 3753 436 3827 347.
456 3758 615 3823 Promissa
636 3757 877 3823 Romanorumn

179 3909 335 3966 1150-1151
434 3899 501 3966 Hoc
522 3903 605 3981 suut,
629 3916 690 3983 que
712 3902 873 3964 senatores
895 3897 1085 3984 promittunt
1103 3896 1207 3964 tacere
1226 3902 1258 3963 et
1278 3894 1454 3976 adtendere,
1475 3896 1505 3958 et

346 4021 539 4085 sacramento
562 4013 689 4080 firmare
710 4012 876 4080 voluerunt
899 4019 931 4080 et
951 4014 1070 4081 volunt

418 4191 438 4224 a
459 4189 530 4237 nsque
547 4173 638 4222 addidi.
699 4173 722 4220 b.
741 4173 877 4233 interpositu
891 4187 933 4220 ur.
943 4207 964 4220 ..
974 4173 1117 4221 constuite
1129 4191 1149 4220 e.
1165 4191 1195 4220 en
1205 4173 1342 4233 interposita
1350 4175 1437 4218 accuse
1450 4167 1503 4215 fidei

347 4258 488 4308 musantia?
550 4269 570 4302 c.
591 4256 673 4302 Edidit
687 4257 789 4301 Peraeam
807 4257 1023 4302 nomomllbc
1032 4257 1129 4318 Lag-11.
1141 4255 1178 4300 88.

418 4353 441 4406 1.
461 4367 502 4420 pr.
514 4350 590 4406 card.
602 4350 645 4406 tic.
657 4349 686 4408 S.
699 4350 844 4409 Caeciliae.
