3117 4859
249 404 318 461 1146
337 398 552 482 continebant,
581 416 662 483 qnae
687 416 746 465 nos
773 396 815 463 ad
841 398 983 482 regimen
1007 396 1151 483 ipsorum
1178 390 1360 461 farmablli·
1387 390 1491 459 anemo

254 478 312 525 ¹³⁰¹·
336 516 521 583 omont.

424 630 470 697 nt
495 649 570 697 vero
592 628 737 696 dominus
759 632 867 697 noster
888 649 945 696 rex
967 627 1124 714 frequenti
1144 625 1285 694 iussione
1305 644 1364 691 nos
1386 622 1427 691 ud
1445 643 1494 691 ca·

335 748 416 815 riam
431 766 521 814 suam
535 746 677 831 vocabat,
699 746 838 831 maritet
852 764 1047 829 succensens,
1071 743 1154 830 quod
1168 742 1322 811 aecclesia
1335 739 1495 808 Carbeien-

336 864 389 949 sis,
417 883 481 931 nou
503 863 661 931 modicum
683 862 831 929 videlicet
850 863 941 947 regni
963 863 1012 930 sni
1035 861 1221 944 membrum,
1243 864 1355 926 nostm
1375 856 1427 925 rel
1445 876 1496 923 ne-

335 979 485 1065 gligentia
506 979 557 1047 rel
577 978 727 1047 tarditate
749 978 965 1048 collaberetur.
995 978 1146 1045 Venimus
1166 977 1274 1062 itaque
1295 974 1337 1042 cd
1351 973 1498 1063 oppidum

234 1108 288 1157 nee.
303 1111 318 1159 s
334 1094 571 1164 Frankenerort
596 1098 618 1164 5
640 1096 714 1163 Idus
735 1096 936 1181 Decembris,
963 1095 1141 1180 medentes,
1169 1094 1332 1161 dominnm
1357 1096 1498 1159 noenum

334 1232 441 1298 regem
463 1213 580 1279 ibidem
603 1232 681 1297 csse,
704 1212 788 1279 sicut
808 1214 877 1300 ipse
897 1212 988 1279 nobis
1001 1230 1060 1300 per
1073 1211 1204 1279 nuncios
1218 1209 1391 1277 oblitteras
1405 1208 1499 1292 signi·

333 1328 496 1413 ficarerat3
521 1334 553 1397 et
574 1330 750 1397 invenimus
770 1329 816 1397 ibi
831 1328 1034 1397 corbeienses
1048 1328 1228 1412 monachos,
1250 1326 1384 1394 clericos
1398 1330 1433 1394 et
1444 1323 1500 1391 lai-

334 1464 386 1514 cos
414 1467 478 1514 non
500 1464 631 1533 paucos,
662 1446 717 1533 qui
737 1466 797 1534 pro
820 1465 878 1513 sua
900 1445 1051 1514 electione
1073 1443 1244 1513 obtinenda
1265 1443 1408 1510 omnium
1430 1440 1500 1509 reli-

334 1583 466 1649 quorum
494 1563 643 1629 mandato
671 1566 704 1629 et
729 1562 910 1631 testimonio
936 1563 1137 1630 advenerant.
1226 1560 1408 1628 Didicimus
1428 1565 1501 1625 tunc

337 236 404 307 240
713 252 863 303 wmsrnr
884 250 1049 302 murana
1071 249 1124 299 rso.

4 952 5 1006 l

4 1062 5 1104 l

4 1144 5 1182 l

333 1680 469 1765 quodam
491 1698 576 1764 casu,
599 1698 671 1746 cum
690 1678 750 1746 hoo
763 1678 884 1746 nollent
897 1678 1110 1763 Gorbeienses,
1133 1677 1283 1744 domnum
1297 1675 1392 1743 illum
1406 1674 1501 1742 Hein-

332 1796 433 1862 rioum
468 1795 572 1863 adisse
604 1794 711 1862 domni
744 1815 846 1883 papae
879 1816 937 1883 pro
971 1816 1029 1862 sua
1060 1793 1263 1862 restitucione
1296 1793 1499 1879 presentiam

333 1910 456 1990 Quanto
482 1916 569 1979 matu
596 1930 633 1979 ac
661 1911 768 1979 dolore
797 1892 901 1979 affecti
926 1911 1093 1996 fuerimus,
1121 1929 1320 1997 nequequam
1343 1910 1501 1998 explicare

332 2026 437 2095 verbis
463 2048 640 2115 possumus.
676 2028 873 2097 Tenebamnr
898 2028 1087 2113 obligatione
1109 2027 1208 2094 divini
1229 2028 1390 2115 precepti,
1421 2024 1502 2112 qnod

332 2164 390 2231 par
412 2162 447 2211 os
469 2145 604 2211 fratrum
623 2143 856 2213 Stabuleusinm
878 2164 1108 2233 acceperamus,
1131 2143 1278 2230 quatinus
1300 2142 1343 2210 ad
1363 2144 1501 2211 nmatio-

332 2279 406 2327 uem
429 2259 665 2328 Corbeiensium
690 2266 780 2348 cepto
803 2239 916 2329 itinere
937 2261 1192 2349 procederemus3
1220 2260 1390 2327 resistebat
1410 2258 1502 2327 nobb

332 2377 414 2444 ratio
436 2382 554 2463 nostra
578 2384 611 2445 et
632 2376 811 2445 deterrebat
831 2397 890 2444 nos
906 2398 971 2445 non
984 2376 1190 2465 inprobabilis
1204 2376 1395 2461 coniectura,
1417 2374 1502 2463 qnod

332 2492 495 2581 inpingere
518 2514 681 2581 possemus
704 2494 738 2561 in
752 2494 928 2562 Romanam
948 2494 1131 2562 aecclesiam
1153 2498 1186 2561 et
1206 2494 1345 2578 gramm
1366 2493 1429 2560 snb
1447 2512 1500 2580 po-

332 2610 413 2677 tanti
439 2630 535 2677 manu
562 2608 683 2696 collidi,
711 2612 739 2677 si
765 2628 894 2679 causam
916 2610 1151 2679 corbeiensium
1172 2615 1345 2679 maara
1366 2609 1500 2677 domnus

331 2746 416 2815 papa
436 2727 606 2795 insisteret
641 2726 809 2794 Dcluimus
831 2732 864 2795 et
884 2726 1038 2813 flevimus,
1060 2732 1094 2795 et
1114 2726 1198 2794 male
1219 2727 1309 2794 nobis
1332 2732 1413 2794 erat

217 2852 315 2902 neam
421 2842 472 2909 Ad
500 2845 637 2931 primum
666 2864 739 2928 ergo
767 2843 927 2932 pullorum
954 2849 1096 2928 cantum,
1124 2862 1196 2910 cum
1224 2843 1401 2910 dormirent
1424 2841 1500 2910 Gor·

331 2958 489 3045 hoienses,
518 2980 575 3027 nos
604 2958 686 3027 clam
708 2961 910 3046 recessimus,
938 2965 1117 3048 sperantes,
1147 2959 1230 3047 qnod
1251 2959 1286 3026 in
1307 2960 1500 3027 monasterio

332 3073 566 3143 Laurisamensi
589 3076 750 3143 dominum
771 3082 916 3143 nostrum
937 3096 1060 3162 regem,
1083 3077 1166 3144 sient
1186 3076 1226 3143 ab
1247 3076 1318 3163 ipso
1338 3096 1398 3163 per
1418 3096 1500 3142 nnn·

333 3190 416 3258 cium
449 3210 683 3280 acceperamus,
715 3194 859 3261 invenire
890 3214 1054 3280 possemus
1075 3197 1120 3264 et
1151 3190 1257 3278 aliquo
1288 3191 1383 3259 modo
1414 3192 1500 3279 apud

332 3307 437 3395 ipsum
465 3313 623 3393 satagere,
652 3310 681 3375 si
708 3309 791 3377 forte
812 3308 957 3377 voluntas
980 3310 1041 3377 Dei
1062 3314 1161 3394 esset,
1189 3313 1227 3375 ut
1247 3308 1413 3376 Corbeiam
1434 3328 1500 3375 non

331 3424 575 3512 perveniremus.
668 3425 885 3513 Sequebantur
911 3446 969 3493 nos
992 3424 1195 3493 Gorbeienses
1222 3425 1305 3491 facta
1334 3444 1428 3492 mane
1449 3426 1499 3492 in-

332 3540 467 3626 dignati3
497 3561 534 3609 ac
556 3543 741 3631 disponente
762 3542 846 3629 Deo,
870 3543 1021 3609 domnum
1041 3561 1164 3627 regem,
1187 3544 1355 3627 antequam
1378 3540 1419 3609 ad
1440 3560 1498 3609 nos

331 3658 525 3745 perveniret,
555 3661 588 3726 in
610 3661 663 3728 vin
685 3660 812 3728 obvium
839 3659 1026 3727 habuerunt.
1057 3657 1101 3725 Et
1127 3659 1203 3725 totis
1231 3658 1350 3742 ingenii
1377 3658 1497 3726 viribus

332 3772 416 3861 apud
441 3775 543 3862 ipsius
568 3777 842 3845 mansuetudinem
870 3781 1015 3861 egerunt,
1042 3794 1085 3842 ne
1110 3776 1197 3863 ipsos
1223 3794 1280 3861 spe
1301 3794 1361 3841 sua
1381 3781 1415 3842 et
1435 3774 1497 3842 ele·

331 3892 434 3959 ctione
462 3912 577 3959 vacuos
607 3898 639 3960 et
667 3893 725 3961 snb
754 3892 886 3980 ancipiti
912 3890 1053 3979 periculo
1080 3892 1266 3959 constitutos
1287 3890 1323 3957 in
1345 3910 1381 3959 se
1402 3890 1497 3958 conli-

332 4008 440 4077 dentes
463 4010 645 4077 dimitteret.
680 4009 866 4077 consolatus
889 4015 939 4076 est
959 4030 1012 4076 eos
1035 4007 1184 4093 benign03
1213 4014 1246 4076 et
1265 4007 1376 4094 plenos
1398 4007 1496 4076 bonae

331 4127 547 4212 promissionis
569 4126 644 4194 fecit
665 4126 820 4214 hospitari
841 4144 948 4194 secum
969 4126 1004 4193 in
1025 4125 1102 4194 villa
1118 4124 1276 4193 Wiuheim
1290 4126 1463 4193 nominata

215 4259 270 4309 usa
285 4263 312 4309 11
420 4242 480 4311 Die
502 4244 644 4311 insecuta
664 4262 733 4329 nos,
754 4264 819 4310 non
842 4240 944 4309 solum
965 4244 1069 4311 vocati
1091 4248 1142 4310 set
1162 4242 1258 4311 etiarn
1278 4262 1337 4330 per
1357 4241 1452 4310 fidem
1464 4245 1495 4308 et

403 4398 424 4433 t.
443 4386 538 4434 favorali
553 4404 573 4433 c.

121 4553 191 4575 Α·
