3117 4859
308 301 310 308 s
343 272 411 339 alo
678 288 828 337 wunsam
847 286 1035 337 mrsuousn
1054 286 1108 335 naa.
1124 286 1179 335 neo

256 436 326 527 titt
343 431 374 500 ei
402 428 570 499 viciniores
594 434 698 515 erunt,
727 448 836 497 curam
858 432 990 514 gereret
1024 430 1053 498 E
1075 429 1232 497 contrario
1252 428 1302 497 illi
1323 428 1364 497 de
1384 428 1510 497 lierda

343 547 541 632 asserebant,
570 548 655 633 quod
677 547 811 615 eandem
832 546 1073 615 decimationem
1093 548 1277 614 inconcusse
1298 546 1369 615 sine
1389 550 1511 614 contro-

179 645 180 648 *
208 734 210 737 ,
343 663 447 732 versia
468 664 551 731 bonu
572 662 634 731 fide
657 664 881 751 possedissent,
903 683 968 731 non
988 664 1058 731 iura
1079 663 1181 730 mutui
1196 683 1299 750 neque
1311 664 1510 749 commodati,

342 784 392 847 set
416 780 628 868 proprietario
652 786 684 848 et
704 781 921 867 perseveranti
943 780 1035 864 longe
1056 778 1142 847 ultra
1162 780 1305 867 spacium
1327 780 1462 865 triginta
1482 788 1512 849 et

342 896 435 964 unius
452 916 621 979 annorum3
645 896 728 982 quod
741 896 863 964 idoneis
878 896 1012 964 testibus
1026 916 1061 963 aa
1075 896 1262 983 probaturos
1276 896 1509 983 promicebmt

341 1011 454 1081 Relata
482 1018 531 1080 est
551 1014 765 1085 conboucrsia
787 1013 828 1080 ad
850 1012 1020 1100 synodum,
1051 1016 1084 1079 at
1104 1013 1223 1099 absque
1243 1012 1339 1080 ullius
1359 1034 1512 1101 personas

342 1128 567 1197 reclamatione
581 1129 728 1197 concordi
742 1130 900 1197 sententia
912 1130 1087 1197 iudicatum
1101 1133 1164 1197 ost:
1182 1129 1276 1216 quod,
1290 1130 1320 1197 si
1333 1130 1510 1218 prepositus

261 1238 265 1247 '
343 1226 493 1313 ecclesiae
515 1246 616 1313 sancti
630 1244 854 1333 Bartholomei,
878 1248 933 1333 qui
955 1266 1117 1334 possessor
1138 1245 1179 1313 ab
1200 1250 1333 1333 utraque
1353 1252 1447 1335 parte
1461 1267 1510 1314 co·

343 1362 561 1447 ignoscebatur,
583 1361 659 1431 licet
681 1362 720 1429 ub
744 1362 845 1430 altem
864 1363 948 1430 mals
969 1361 1044 1431 fidei
1064 1381 1227 1451 possessor
1246 1362 1414 1448 diceretur,
1434 1363 1510 1449 lagi-

342 1478 429 1545 timis
451 1478 596 1563 testibus,
620 1479 673 1565 qni
696 1499 753 1566 per
776 1483 912 1547 nemum
930 1483 963 1547 et
976 1478 1217 1564 intelligentiam
1231 1479 1271 1547 de
1284 1482 1509 1569 prescriptione

343 1596 496 1682 temporis
519 1600 639 1663 certum
660 1595 780 1663 fument
801 1582 966 1681 iudicium,
993 1595 1129 1684 probare
1148 1602 1271 1684 posset,
1297 1618 1332 1665 se
1353 1598 1459 1683 quiete
1478 1603 1508 1665 et

342 1711 492 1779 canonice
513 1711 701 1800 possedisse,
724 1713 826 1796 magis
849 1712 879 1780 ei
899 1713 1044 1800 probatio
1058 1712 1262 1800 incumberet,
1285 1714 1433 1801 quamsi,
1457 1715 1507 1801 qui

343 1832 485 1895 recenter
506 1828 541 1895 in
563 1828 695 1896 eandem
717 1829 949 1915 possessionem
969 1827 1101 1897 irruisse
1121 1850 1186 1898 non
1199 1830 1409 1898 dubitabatur.
1443 1830 1507 1909 Qus

343 1943 500 2011 sententia
522 1943 593 2032 plus
615 1944 679 2012 illis
701 1946 740 2013 de
754 1944 899 2012 Nameka
920 1966 1016 2031 quum
1036 1945 1101 2014 illis
1116 1946 1156 2013 de
1169 1946 1299 2015 biarche
1311 1946 1503 2034 complacuit

342 2059 429 2127 Haeo
457 2065 545 2146 sunt,
574 2081 654 2147 quae
680 2082 775 2150 snper
797 2060 857 2129 hac
878 2081 974 2129 cansa
995 2069 1028 2130 et
1047 2062 1183 2132 uidimus
1205 2069 1238 2132 et
1259 2063 1450 2147 audiuimus3
1473 2067 1505 2131 et

342 2176 413 2245 ideo
436 2196 500 2243 non
520 2195 688 2265 possumus
711 2198 749 2246 ea
768 2197 835 2246 non
855 2177 952 2264 loqui

347 2503 432 2577 190.
455 2506 565 2587 Guido
582 2507 731 2573 diuam
753 2509 923 2575 cardinalis
945 2508 980 2575 S.
995 2509 1120 2576 Mariua
1141 2512 1176 2575 in
1189 2512 1315 2597 porticu
1330 2510 1500 2577 Hesosm

454 2624 630 2711 episcopm
656 2624 851 2691 Mucianam
881 2626 920 2691 dc
953 2626 1110 2713 cupiunda
1143 2627 1270 2693 ecclesio
1296 2627 1501 2695 Kumiautauai

453 2738 603 2805 bortatur.
1347 2740 1403 2823 (Μ.
1421 2742 1498 2823 173.)

256 2875 325 2931 1149
433 2869 561 2953 thido)
577 2875 703 2939 sanctae
717 2870 878 2952 &manae
893 2872 1063 2941 aecclesiae
1076 2874 1244 2941 cardinalis
1257 2873 1424 2943 daconus¹
1434 2896 1500 2964 apo

343 2988 472 3057 stolicae
500 2986 583 3055 sedis
611 2987 734 3073 legatus
762 2988 936 3073 H(einrico)
958 2989 1116 3058 Mindensi
1143 2992 1289 3079 episcopo
1316 2991 1501 3061 salutemet

342 3104 551 3173 dilectionem.

430 3218 627 3289 Venerabilis
651 3237 688 3287 ac
707 3220 840 3298 dilectus
854 3221 954 3289 irater
966 3226 1075 3291 noster
1089 3221 1286 3290 Oorbaiensis
1301 3223 1398 3292 abbas
1413 3224 1502 3310 signi·

342 3336 449 3406 licerit
474 3337 581 3421 nobis,
614 3336 798 3405 aecclesiam
819 3337 1075 3407 Kaminatensem
1102 3359 1160 3426 pro
1188 3342 1243 3424 eo',
1270 3340 1354 3425 quod
1382 3341 1501 3428 quidum

341 3474 421 3542 puer
442 3452 613 3521 monachus
637 3452 675 3519 de
697 3458 780 3521 tecto
801 3455 836 3521 in
850 3456 1067 3543 perimentum
1080 3475 1229 3523 cennens
1250 3457 1419 3544 expiravit,
1441 3456 1502 3543 pol

341 3572 441 3639 lutam
464 3590 543 3654 esse,
566 3588 684 3655 vosque
704 3571 771 3637 eius
786 3571 1082 3656 reconciliationem,
1103 3572 1178 3640 dcet
1197 3573 1305 3660 sepius
1327 3573 1501 3662 interpella

341 3687 433 3773 verit,
455 3706 555 3772 usque
578 3686 670 3753 modo
693 3686 863 3757 distulisse.
908 3688 990 3767 Quia
1011 3707 1086 3772 argo
1108 3689 1210 3755 eidem
1230 3689 1323 3756 fratri
1344 3689 1501 3757 nostroin

341 3803 550 3891 peticionibus
574 3803 650 3888 suis,
672 3810 802 3887 cogente
823 3823 882 3871 nos
905 3804 1061 3890 probitate
1082 3824 1150 3890 sua,
1172 3810 1324 3891 tanquam
1345 3806 1434 3874 nobis
1454 3826 1499 3872 es-

342 3922 454 3989 sistere
476 3919 635 4005 debemus,
651 3920 850 3988 'batomitati
863 3925 987 3987 vestrae
1009 3923 1129 3989 attente
1149 3922 1289 4006 rogando
1310 3924 1497 4004 mandamus,

342 4038 490 4124 quatinus
517 4036 738 4124 purgationem
765 4057 823 4105 seu
850 4037 1135 4106 reconciliationem
1157 4040 1318 4127 predictae
1340 4038 1496 4107 aecdesiaa

341 4152 474 4221 ulterius
496 4152 674 4220 nullatanus
697 4150 860 4220 differatis.

351 4282 354 4289 '
413 4286 439 4341 1.
457 4284 486 4342 S.
497 4285 600 4344 itariae
616 4285 646 4343 iu
663 4283 782 4357 porticu.
805 4283 869 4341 Vid.
882 4298 945 4357 epp.
959 4284 1010 4341 121
1023 4290 1052 4342 et
1064 4285 1116 4343 184
1133 4301 1218 4357 supra
1234 4302 1263 4357 p.
1275 4286 1329 4344 195
1339 4287 1435 4344 eccae
