3117 4859
631 250 771 319 544
1310 265 1611 315 mum
1652 265 2026 316 ammom
2065 265 2175 314 ιω.
2206 262 2316 314 406.

429 418 572 477 1152
632 409 889 479 statutis
942 407 1164 477 diebus
1214 407 1605 493 negligentes
1646 409 1925 494 fueritis,
1982 429 2099 496 pro
2144 407 2259 476 tali
2306 429 2577 477 excessu
2625 407 2733 477 vel
2772 407 2994 475 iuditio

389 492 518 553 ⁸⁰¹³*
540 492 600 538 ²⁹
632 525 912 594 familiae
964 526 1033 592 in
1091 524 1447 593 Castiniaco
1501 525 1606 594 vel
1652 526 1885 593 iudicio
1929 525 2444 594 ministerialium
2500 531 2881 594 nostrorum
2931 525 2999 589 in

635 644 954 712 caminata
969 638 988 669 ¹
1042 648 1261 710 nostra
1304 641 1599 728 Corbeie,
1656 641 2027 710 utrumlibet
2080 642 2308 710 horum
2360 644 2550 712 nobis
2608 643 2818 728 magis
2864 641 3001 729 pla-

635 761 866 844 cuerit,
923 758 1382 846 respondebitis
1433 765 1499 827 et
1539 760 1610 825 in
1651 760 2104 848 compositione
2149 760 2481 828 duodecim
2526 760 2777 828 solidos
2817 779 3002 826 nuni-

636 897 886 946 morum
927 876 1320 964 persolvetis.
1391 875 1829 963 Quaecumque
1875 881 2089 944 autem
2130 897 2329 964 nepos
2374 882 2523 945 tuus
2568 876 3003 944 Loudovvicus

635 993 741 1061 vel
794 995 864 1060 in
916 994 1181 1080 pignore
1226 993 1327 1061 vel
1377 993 1448 1060 in
1503 991 1805 1060 beneficio
1850 993 1929 1060 de
1972 994 2161 1061 rebus
2204 994 2335 1061 iam
2378 995 2760 1061 nominatae
2802 994 3001 1060 σπι-ΕΒ

638 1110 1035 1178 Castiniacae
1087 1117 1223 1178 tam
1275 1111 1345 1176 in
1399 1110 1567 1194 agris
1626 1129 1817 1196 quam
1870 1109 1940 1176 in
1982 1111 2184 1178 vineis
2240 1110 2341 1179 vel
2397 1113 2598 1178 etiam
2645 1131 2846 1179 censu
2899 1116 3006 1176 nt

640 1226 804 1295 silva
855 1227 1157 1313 obligavit
1200 1227 1301 1295 vel
1359 1226 1687 1311 alienavit,
1743 1227 1975 1294 iudicio
2032 1229 2246 1295 curiae
2297 1233 2553 1295 nostrae
2614 1229 2690 1295 in
2745 1228 3002 1294 irritum

639 1344 830 1412 ducta
881 1349 1058 1430 sunt,
1117 1350 1182 1413 et
1224 1351 1393 1413 stare
1447 1364 1574 1412 non
1629 1364 1817 1432 posse
1872 1349 2019 1430 post
2063 1345 2306 1412 obitum
2348 1344 2547 1412 villici
2594 1345 3002 1422 adiudicat-23

641 1485 803 1552 quae
833 1464 1011 1532 vobis
1040 1464 1133 1532 ita
1160 1461 1584 1560 recolligenda
1612 1461 2063 1528 committimus
2076 1471 2118 1546 ⁸,
2162 1466 2255 1546 ut,
2293 1462 2350 1529 si
2377 1462 2547 1528 infra
2573 1461 2775 1528 buius
2811 1459 3004 1527 ami*

642 1582 926 1668 spacium
968 1602 1099 1649 non
1141 1579 1437 1665 feceritis,
1482 1579 1525 1646 ὁ
1549 1576 1930 1646 villicatione
1975 1581 2039 1645 et
2080 1583 2214 1646 toto
2260 1584 2445 1664 pacto
2483 1579 2755 1646 cadatis.
2824 1577 3005 1656 Quod

643 1703 853 1766 autem
919 1696 1086 1765 filiae
1148 1696 1464 1785 quondam
1515 1694 1879 1763 Loudovvici
1933 1694 2384 1762 villicationem
2437 1700 2585 1783 post
2640 1695 3004 1762 discoesmn

641 1821 823 1883 tuum
867 1814 1311 1899 concessimus,
1354 1834 1484 1894 non
1527 1833 1607 1880 ex
1652 1833 1725 1880 eo
1771 1816 1887 1896 est,
1936 1811 2104 1897 quod
2146 1810 2592 1879 hereditaliam
2640 1810 2699 1879 ei
2747 1831 3005 1879 sucees—

642 1931 884 1998 sionem
913 1930 1016 1997 vel
1058 1931 1128 1996 in
1154 1930 1536 1998 villicatione
1567 1928 1667 1997 vel
1708 1929 1777 1996 in
1823 1926 2120 1996 beneficio
2165 1929 2368 2017 patris
2415 1928 2657 2014 aliquid
2688 1949 3003 2014 recogno-

643 2065 890 2114 scamus
903 2095 923 2131 ,
981 2067 1125 2114 cum
1167 2045 1285 2113 hoc
1330 2047 1370 2113 a
1410 2047 1645 2114 nostris
1690 2044 2209 2112 ministerialibus
2253 2044 2695 2113 universaliter
2743 2045 3001 2113 abiudi-

643 2167 854 2231 catum
899 2163 1014 2246 sit,
1067 2168 1164 2229 set
1204 2168 1464 2250 propter
1508 2169 1690 2230 tuum
1733 2167 1799 2230 et
1842 2163 2188 2230 amicorum
2230 2167 2484 2230 tuorum
2529 2161 2880 2230 servitium
2925 2162 3004 2228 ad

641 2277 762 2347 hoc
802 2278 1160 2348 faciendum
1202 2278 1490 2347 inclinati
1534 2299 1771 2347 sumus.

647 2508 826 2582 406.
862 2512 1180 2580 Wibaldus
1210 2512 1651 2579 Bmhardum
1697 2515 2048 2600 episcopum
2079 2513 2649 2579 Paderbomensem
2685 2512 2998 2594 hortun-3

867 2641 936 2694 ut
989 2652 1054 2695 se
1100 2654 1140 2695 a
1186 2630 1482 2718 Folqut‘ni
1526 2640 1583 2694 et
1625 2628 1964 2696 Widilcindi
2008 2640 2064 2694 et
2107 2630 2374 2696 aliorum
2416 2630 2664 2696 &uariis
2707 2631 3000 2696 vindicet.

869 2745 1164 2829 Nuntiat,
1233 2748 1302 2812 in
1362 2748 1538 2811 ouria
1583 2744 2075 2834 Wirzeburyensi
2126 2748 2245 2813 sibi
2298 2769 2648 2812 concessum
2702 2769 2875 2829 esse,
2939 2756 3003 2811 εἰ

869 2860 1219 2950 Ηιιιικινίαεῑὶ
1243 2864 1606 2927 munitiones
1647 2873 2107 2949 repararentur.
2664 2858 2780 2943 (Μ.
2819 2862 3001 2940 360.)

420 3007 561 3064 1152
823 2993 1186 3062 Reverendo
1254 2995 1324 3061 in
1386 2993 1637 3061 Christo
1701 2995 1873 3082 patri
1937 3016 2049 3061 suo
2116 2999 2183 3061 et
2249 2994 2503 3061 domino
2570 2993 2999 3075 B(emhardo)

347 3081 611 3191 ⁰3²2,ssth
649 3114 903 3177 sanctae
968 3109 1533 3178 Patherburnensis
1610 3110 1949 3178 aecclesiae
2014 3110 2360 3178 venerabili
2430 3111 2725 3198 episcopo
2796 3112 3000 3179 frater

649 3223 1026 3310 W(ibaldus)
1060 3226 1180 3294 Dei
1222 3228 1430 3312 gratia
1470 3228 1558 3313 id,
1608 3228 1773 3314 quod
1817 3233 1914 3296 est
1955 3228 2025 3294 in
2059 3227 2323 3295 ecclesia
2354 3226 2681 3313 catholica,
2727 3228 2998 3313 exiguus

651 3343 964 3410 orationes
1010 3349 1074 3411 et
1118 3344 1414 3412 devotum
1459 3345 1805 3412 servitium.

829 3458 1215 3528 Confidimus
1261 3461 1340 3529 de
1383 3461 1818 3529 misericordis.
1853 3459 1976 3529 Dei
2023 3466 2086 3528 et
2112 3465 2326 3528 vestra
2367 3461 2777 3545 benignitate,
2831 3459 3001 3546 quod

653 3577 991 3646 memoriae
1033 3583 1282 3645 vestrae
1333 3579 1615 3646 tenacius
1659 3577 1976 3664 inhereat,
2034 3583 2270 3664 quanta
2313 3577 2738 3645 benivolentia
2775 3583 3001 3663 pater·

657 3698 918 3763 uitatem
960 3700 1238 3763 vestram
1295 3716 1374 3763 ex
1429 3695 1617 3780 longo
1673 3700 1956 3783 tempore
2015 3694 2351 3763 dileximus
2397 3699 2463 3762 et
2504 3693 2671 3781 quod
2715 3693 3001 3780 quietem

657 3817 927 3882 vestram
980 3815 1302 3899 nunquam
1357 3813 1728 3899 perturbare
1780 3811 2162 3895 studuimus3
2220 3816 2317 3878 set
2360 3816 2426 3878 et
2465 3831 2581 3877 nos
2625 3812 3001 3879 memoriter

657 3934 721 3998 et
772 3930 1037 3997 iocunde
1089 3929 1524 4014 recordamur,
1585 3929 1752 4017 quod
1794 3928 1939 4017 pari
1977 3927 2415 3996 vicissitudine
2455 3927 2685 4012 iugiter
2731 3947 2770 3993 a
2814 3929 3000 3996 vobis

657 4045 868 4114 dilecti
909 4067 1146 4114 sumus.
1237 4046 1429 4114 Novit
1473 4051 1685 4113 autem
1729 4045 2023 4114 discretio
2067 4051 2297 4131 vestra,
2345 4065 2535 4132 quam
2577 4044 2894 4112 violenter
2937 4051 3002 4112 et

657 4184 844 4250 quam
898 4163 1227 4232 inhoneste
1283 4163 1625 4252 propinqui
1669 4162 1868 4230 vestri
1924 4167 1988 4233 et
2040 4162 2325 4230 homines
2377 4168 2513 4229 tam
2556 4162 2750 4231 vestri
2798 4183 2996 4249 quam

800 4320 842 4354 ι.
880 4307 1181 4355 oomniitimus
1215 4325 1255 4355 c.
1375 4306 1424 4355 b.
1463 4307 1573 4356 anni
1601 4323 1690 4356 on.
1710 4306 1813 4354 cod.

796 4395 847 4448 1.
883 4408 1118 4450 camera.
