3117 4859
412 274 562 323 wmounr
582 274 768 323 mmnonon
789 274 828 322 oo.
842 275 882 322 ue.
1166 260 1231 327 133

61 416 227 506 privilegiu
248 416 398 485 eooleniem
420 438 505 503 enee,
529 418 580 485 oni
594 419 717 505 primun
732 423 849 505 preest,
873 415 1053 485 oondrmuri
1066 420 1158 506 petit,
1179 420 1231 487 vir
1247 425 1317 481 114⁷

59 554 179 621 pouper
200 535 296 601 rebus
318 539 368 601 oet
388 535 511 601 meritis
533 536 632 620 dives,
656 535 710 621 qui
732 535 766 600 in
789 533 859 619 loge
879 534 959 601 Dei·
981 534 1154 603 meditatur
1176 538 1228 605 die
1260 498 1309 547 Μ’

60 670 94 718 to
113 656 219 736 nocte,
243 656 277 719 et
296 650 442 719 voluntas
465 653 531 718 eino
553 652 589 719 in
604 673 642 718 ee
656 652 836 736 sorutnudo,
859 651 1035 736 scribendo,
1057 654 1230 739 vitulique

59 788 191 853 maguae
213 768 421 835 abstinentiae
444 772 476 835 et
497 769 585 835 ourni
608 790 682 835 enee
704 768 862 835 inimious.
897 768 997 847 Quem
1017 789 1077 856 pro
1097 768 1159 836 Dei
1180 770 1228 836 di·

58 884 189 951 leotione
212 888 244 951 et
264 890 375 951 nostre
396 884 666 953 commendatione
689 885 859 953 elementer
881 885 1067 952 exaudietis.

59 1096 116 1169 56.
139 1100 323 1165 Reium-doe
344 1101 440 1167 onom
454 1100 690 1165 Reinrllmrmio
712 1100 855 1169 Wibaldo
876 1104 983 1167 scribit
1003 1102 1043 1167 de
1065 1102 1130 1167 deu
1152 1123 1228 1187 erpa

139 1230 174 1273 oo
198 1208 399 1298 beneficentio
421 1219 450 1273 rt
472 1208 510 1273 de
531 1231 590 1273 ooo
613 1218 750 1295 eportate.
1087 1205 1142 1287 (M.
1159 1206 1226 1289 36.)

141 1338 271 1407 Domno
283 1338 427 1409 Wibuldo
448 1340 623 1411 Reinnrduo
638 1340 872 1427 qualiscumque,
893 1339 1095 1409 fidelissimus
1108 1346 1227 1425 tomen,
1245 1349 1335 1405 1147?

58 1456 204 1543 quioquid
227 1456 359 1523 duloius.

141 1573 180 1641 ln
206 1573 317 1641 multis
339 1579 372 1641 et
393 1572 515 1657 mugnis
538 1571 696 1641 benefieiis
718 1573 798 1658 tuis,
828 1573 991 1639 hominnm
1013 1572 1227 1659 diloodosimo,

56 1694 157 1757 mutuo
187 1690 413 1775 utilitum,
442 1691 470 1757 ei
498 1695 607 1757 tomen
633 1694 752 1775 mutue,
782 1691 910 1757 mittere
932 1690 1049 1757 onrevi.
1082 1688 1127 1757 nt
1146 1690 1227 1776 ipsiu

57 1807 181 1893 quidem
204 1804 365 1874 benefieiis
384 1808 448 1873 tuis
465 1806 695 1893 qualescunque
710 1812 815 1891 grates
829 1806 944 1873 vellem
957 1805 1140 1893 rependere,
1163 1806 1227 1872 nini

57 1924 176 2010 scirem,
200 1924 375 2008 gratuitum
397 1924 514 1991 bonnm
528 1928 618 1989 tuum
633 1921 813 1989 nullatenus
829 1943 881 1989 ees
895 1924 1066 2009 requirere.
1093 1920 1226 1989 Verum-

57 2044 157 2107 tamen
180 2040 352 2127 parturitio
375 2039 478 2106 cordis
496 2040 560 2106 mei
574 2059 772 2125 nequaquam
786 2040 917 2126 patitur,
941 2040 979 2106 de
993 2039 1138 2106 interiori
1152 2059 1225 2106 oon-

57 2157 197 2244 ceptiono
221 2156 306 2223 foras
328 2156 426 2223 nichil
447 2176 620 2244 erumpere.
656 2155 737 2235 Quid
759 2162 866 2223 tumen
883 2157 986 2223 dioero
1000 2176 1140 2243 possum,
1162 2156 1225 2222 nisi
1308 2153 1311 2160 '

57 2274 201 2359 quintu,
227 2274 308 2340 siout
330 2272 457 2358 quidem
480 2273 572 2358 dicit,
596 2270 676 2339 alter
698 2273 782 2340 idem
804 2273 884 2340 mihi
904 2274 993 2358 facie,
1016 2273 1100 2359 qnod
1120 2273 1225 2339 fenore

57 2389 165 2457 debes?
201 2388 304 2457 Huius
339 2390 424 2457 enim
457 2390 631 2457 sententiae
663 2390 797 2458 veritate
827 2390 1040 2473 considerate,
1074 2390 1225 2475 quodom-

57 2504 143 2572 modo
156 2506 284 2573 viscora
298 2512 354 2573 tuo
366 2506 497 2590 largiter
519 2508 553 2572 in
574 2526 626 2572 me
648 2506 735 2573 foveo
757 2511 799 2592 et,
821 2506 901 2572 milui
916 2506 1064 2592 quioquid
1078 2499 1225 2593 inpertiri

56 2622 180 2708 viderie,
204 2622 316 2710 procul
339 2622 433 2690 dnbio
455 2623 580 2691 tibimet
600 2622 663 2709 ipsi
685 2622 963 2710 proportionaliter
984 2623 1154 2709 inpendere
1173 2642 1224 2689 oo-

57 2740 225 2823 gnoeoeris.
259 2738 344 2807 Bene
365 2738 444 2824 legis
468 2745 500 2807 et
521 2738 672 2823 intelligis
691 2738 770 2805 illud
791 2738 916 2806 divinoe
930 2738 1115 2806 mandatum
1129 2738 1223 2823 legis:

58 2854 268 2945 deounqoe
294 2858 398 2940 voltis,
426 2868 461 2921 ut
480 2857 607 2946 sociant
632 2858 716 2923 vobio
744 2857 895 2938 hominu,
925 2856 983 2921 loeo
1005 2868 1036 2922 et
1055 2880 1109 2921 eoo
1123 2855 1225 2944 sorite

57 2966 136 3038 suut
177 2970 353 3057 Siquidem,
381 2973 410 3039 si
431 2976 504 3039 tuoe
526 2973 610 3039 vitae
633 2976 734 3039 statuo
756 2972 804 3039 oio
825 2975 909 3039 eruet
931 2972 1104 3057 ordinatus,
1130 2976 1166 3037 ut
1187 2976 1223 3037 tu

57 3086 250 3172 magestate
272 3090 393 3176 ponitus
417 3090 553 3156 amioum
575 3088 769 3176 superiorem
791 3093 824 3154 te
846 3088 966 3155 diuitiis
989 3094 1021 3157 et
1041 3088 1152 3175 opibus
1166 3088 1223 3155 he-

57 3201 150 3289 betes,
173 3204 253 3271 lieet
274 3224 337 3271 non
360 3205 512 3291 exigeres,
536 3206 563 3273 si
585 3210 692 3273 tomen
713 3204 799 3271 illins
816 3183 996 3272 voluntario
1012 3205 1224 3273 benivolentia

58 3324 85 3387 to
108 3322 298 3410 respiceret,
326 3320 460 3389 fortusse
485 3342 550 3388 non
572 3321 733 3389 abnueres.
769 3320 841 3388 Non
862 3342 914 3388 me
937 3373 1053 3389 .....
1076 3344 1135 3390 neo
1156 3345 1223 3391 me·

57 3437 170 3505 morino
201 3438 319 3505 exoidit
345 3438 401 3505 illo
423 3438 559 3505 Tullioni
588 3437 703 3522 dialogi
732 3439 888 3505 sententio
916 3438 955 3505 de
978 3439 1131 3525 amicitie,
1161 3462 1223 3526 qna

58 3554 97 3619 sio
118 3555 212 3621 dicit:
240 3559 357 3622 Amore
379 3556 474 3622 nictit
495 3569 538 3621 eet
561 3557 650 3621 uliud
669 3558 729 3621 olei
752 3580 821 3621 mon
842 3558 945 3643 ipsum
967 3558 1103 3644 dilt'pere,
1132 3583 1223 3647 quern

59 3694 146 3754 nouo,
170 3672 261 3737 nullo
282 3674 461 3759 indipootim
485 3672 571 3739 nullo
589 3674 719 3738 utilitate
737 3674 874 3761 poerit&
896 3697 976 3761 quae
990 3686 1093 3739 tameo
1106 3674 1223 3741 utilior

58 3788 119 3873 ipra
141 3788 311 3879 efflorescit
334 3812 372 3854 ex
394 3791 540 3872 amicitia,
566 3790 620 3853 etsi
643 3800 675 3853 to
699 3812 766 3853 eom
788 3790 890 3853 minue
904 3800 1023 3855 reontw
1036 3783 1104 3855 oir'.
1138 3788 1221 3857 Nam

59 3905 160 3987 elego
184 3908 218 3970 te
241 3902 348 3989 dilexi,
378 3904 549 3991 sicutipse
571 3901 665 3989 nosti,
689 3924 759 3971 oum
783 3922 841 3970 neo
864 3923 921 3988 ego
942 3903 1009 3970 ullo
1030 3911 1151 3973 artarer
1171 3906 1220 3973 iu·

60 4014 206 4105 digentia,
228 4024 339 4107 utpote
360 4020 438 4086 milri
461 4019 619 4087 sufficiens
642 4022 675 4087 in
697 4020 747 4088 hin
771 4041 851 4107 quoe
874 4020 1044 4106 dabuntur,
1067 4042 1125 4089 neo
1146 4028 1221 4091 tuus

60 4138 150 4202 ututur
173 4136 209 4203 in
233 4156 269 4203 eo
292 4156 397 4203 rerum
419 4157 533 4222 genere
556 4136 749 4221 consisteret,
772 4143 809 4205 ut
824 4140 947 4206 enimus
962 4136 1128 4205 monetale
1144 4139 1220 4224 quid

61 4268 94 4315 ex
112 4258 143 4319 te
165 4252 227 4321 sibi
250 4272 425 4340 proponere
447 4253 498 4320 vel
521 4260 668 4341 expetere
688 4260 804 4341 posset
839 4254 931 4323 Nuuo
956 4261 1062 4322 autem
1085 4254 1219 4327 aliorum

163 4368 187 4417 d.

122 4382 147 4503 l.
169 4388 269 4503 ullor.
281 4448 306 4517 i,
319 4447 362 4503 12.
431 4450 458 4503 il.
480 4447 539 4504 Oio.
555 4446 592 4505 do
609 4447 731 4505 amicitie
748 4448 792 4520 27,
812 4448 871 4507 100.
