3117 4859
287 228 355 296 488
623 244 773 294 mmmm
793 244 982 294 memnonis
1000 244 1054 292 eor.
1072 243 1127 292 oss.

291 385 379 460 357.
398 387 561 478 Essem
583 387 645 455 III
663 412 755 478 popu
786 389 943 455 Uolsioum
970 391 1147 477 ιρίεσομωη
1174 387 1466 458 Holdmtodemm

398 506 549 590 hortator,
573 530 612 572 ne
631 508 818 572 monasterio
834 506 1010 574 Cordcs‘ersss’
1023 507 1159 572 &cimus
1173 508 1325 596 quosdam
1338 508 1467 597 mfms'

398 624 488 688 aaa.
1298 621 1467 705 (Um)

200 760 270 817 1152
377 753 481 823 Idem
508 774 611 843 papa
637 754 799 823 Uolrico
827 753 1158 823 Haluerstadensi
1186 757 1382 845 episcopo.

200 834 271 884 ¹⁸²⁹
379 871 525 959 Suscepti
546 871 709 957 regiminis
730 893 790 940 nos
813 871 956 940 hortatus
978 872 1159 957 auctoritas,
1181 878 1219 939 ut
1234 873 1471 942 ecclesiastiea·

288 1011 360 1059 rum
383 1011 489 1057 rerum
511 989 691 1056 defensores
714 989 812 1056 dmus
834 989 1075 1076 promptissimi,
1099 988 1221 1074 stillis,
1244 990 1301 1076 qui
1316 990 1389 1077 ipsa
1409 1011 1471 1058 co-

288 1113 405 1175 nantur
431 1107 585 1194 diripere,
613 1126 670 1173 nos
698 1125 825 1171 murum
847 1106 1042 1173 tutissimum
1063 1125 1268 1194 opponamus.
1314 1106 1473 1175 Pervenit

288 1224 328 1292 od
352 1244 444 1291 aures
467 1227 603 1307 nostras,
627 1223 711 1308 quod
733 1221 862 1308 quidam
883 1223 1084 1310 parrochiani
1105 1224 1154 1289 tui
1174 1229 1287 1290 contra
1302 1223 1471 1292 iusticiam

288 1340 477 1410 Corbeiense
506 1340 656 1407 infestent
682 1339 868 1406 coenobium
895 1359 991 1427 super
1017 1339 1147 1408 decimis
1174 1341 1211 1408 in
1238 1339 1407 1426 Grnninffl
1435 1346 1472 1410 et

288 1477 383 1546 super
406 1457 535 1524 decimis
557 1461 662 1523 terrae
685 1456 910 1538 dominicatam
934 1476 1012 1543 quas
1027 1456 1188 1544 predictae
1210 1457 1382 1525 aecclesiae
1396 1459 1471 1526 vio-

287 1576 390 1643 lenter
423 1574 569 1641 cuderunt
597 1577 629 1640 et
655 1573 773 1640 iniuste
801 1573 938 1640 retinere
964 1579 1159 1660 presumunt
1209 1573 1292 1653 Quia
1317 1596 1395 1659 ergo
1425 1575 1471 1642 ad

288 1690 446 1780 pastorale
470 1695 592 1778 spectet
609 1685 757 1774 officium,
779 1709 951 1777 pravomm
964 1691 1128 1776 hominum
1142 1710 1288 1759 excessus
1303 1693 1470 1778 corrigere

289 1816 321 1877 et
348 1809 390 1876 ad
417 1805 616 1874 rectitudinis
642 1809 759 1873 statum
781 1807 870 1874 freno
892 1806 1038 1874 iusticias
1059 1806 1238 1893 cohercere,
1265 1811 1469 1895 presentium

288 1925 346 1994 tibi
370 1924 556 1992 auctoritate
578 1923 775 2008 mandamus,
799 1923 947 2009 quatinus
968 1922 1127 2011 predictos
1148 1923 1373 2012 parrochianos
1390 1932 1469 1994 mos

288 2043 431 2110 distdcte
460 2059 673 2125 commonens,
703 2044 740 2106 ut
768 2040 788 2106 t
815 2045 904 2107 tanta
931 2041 1169 2130 presumptione
1191 2041 1347 2108 desistant
1368 2047 1404 2109 et
1427 2043 1469 2111 de

288 2165 412 2228 caetero
436 2158 482 2225 eis
504 2178 599 2245 super
613 2157 700 2244 ipsas
716 2157 853 2224 decimas
867 2156 989 2224 nullam
1002 2157 1180 2227 molestiam
1193 2159 1341 2226 interant
1371 2159 1469 2238 Quod

289 2277 317 2344 si
339 2276 442 2344 tacere
461 2276 542 2343 forte
557 2273 813 2360 contempserint,
836 2275 1021 2342 canonicam
1035 2275 1166 2364 deipsis
1180 2275 1340 2344 iusticiam
1352 2276 1468 2345 faciae

289 2391 374 2463 Data
396 2391 525 2477 Signiae
548 2391 569 2458 5
592 2389 666 2458 Idus
688 2387 837 2458 Ianuarii.

769 2559 982 2572 —-

291 2721 379 2794 358.
399 2723 562 2812 Espeaiw
582 2720 645 2787 III
656 2744 749 2810 popo
771 2721 918 2788 Heiorieo
941 2721 1044 2789 Eccos⁸
1064 2722 1240 2790 W'staldeen
1261 2727 1470 2792 mammam

1300 2838 1356 2920 (Μ
1369 2842 1469 2924 335.)

203 2966 272 3023 1152
379 2953 483 3022 Idem
510 2973 615 3042 papa
641 2951 832 3021 Heinrico
860 2952 1019 3020 illustri
1045 2953 1133 3021 duci
1161 2953 1371 3023 Senoniae
1425 2997 1430 3004 -

203 3041 274 3089 ¹⁰¹⁹
379 3071 465 3138 luter
485 3072 638 3159 precipua
658 3070 743 3138 facts
756 3070 898 3138 virorum
920 3075 1083 3157 potentum
1099 3070 1198 3139 nichil
1214 3078 1272 3159 est,
1295 3074 1380 3159 quod
1392 3073 1469 3143 Deo

291 3191 400 3254 nostro
423 3207 476 3255 eos
498 3186 546 3254 ita
565 3187 678 3254 reddat
700 3193 856 3275 acceptos,
878 3207 974 3272 qnam
994 3188 1024 3254 si
1045 3187 1205 3256 aecclesiis
1220 3195 1253 3256 et
1266 3209 1376 3257 earnm
1388 3211 1469 3279 pre-

291 3303 365 3370 latis
387 3303 539 3370 honorem
554 3303 694 3371 debitum
710 3309 742 3370 et
755 3305 966 3372 reuerentiam
980 3305 1161 3372 curaverint
1174 3306 1331 3375 exhihere
1360 3307 1467 3394 Unde,

291 3419 367 3507 quis
387 3425 522 3507 paterna
543 3424 575 3486 te
597 3419 734 3488 karitate
756 3420 916 3505 diligimus
937 3435 970 3488 et
984 3421 1023 3489 de
1036 3427 1111 3490 tuae
1123 3423 1292 3510 probitatis
1304 3425 1469 3494 industria

291 3535 423 3604 meliora
441 3557 615 3624 speramus,
639 3536 789 3605 dilectum
801 3537 903 3605 tilium
916 3543 1060 3606 nostrum
1073 3539 1279 3624 W(ihaldnm)
1294 3541 1466 3610 Gorheien-

292 3673 360 3720 sem
383 3653 538 3738 abbatem,
562 3655 615 3740 qui
636 3674 695 3741 pro
718 3675 794 3722 snae
815 3655 988 3723 honestatis
1009 3655 1180 3743 prudentia
1199 3658 1401 3727 honorandus
1414 3660 1466 3728 di·

291 3770 443 3855 noscitur,
460 3770 646 3840 vstrenuitati
667 3777 741 3840 tuae
764 3773 915 3840 attentius
937 3774 1202 3860 commendamus,
1224 3795 1282 3864 per
1302 3778 1466 3863 presentia

292 3887 411 3976 scripta
443 3887 641 3956 nobilitatem
669 3893 758 3956 tuom
784 3895 933 3974 rogantes
962 3895 995 3957 et
1023 3890 1225 3959 exhortantes
1252 3893 1287 3960 in
1314 3892 1462 3979 Domino,

291 4005 439 4092 quatinus
466 4004 508 4072 ad
533 4006 748 4092 recuperanda
775 4011 808 4074 et
832 4006 1046 4074 conservanda
1068 4009 1237 4077 aecclesiae
1256 4011 1358 4098 ipsius
1379 4011 1463 4078 bona

291 4140 348 4208 pro
377 4121 494 4188 nostris
521 4122 666 4210 precibus
688 4120 790 4190 tidelis
814 4128 846 4191 et
868 4125 999 4193 devotus
1020 4125 1183 4195 coadiutor
1206 4127 1333 4196 existas.
1377 4127 1461 4196 ona

292 4235 419 4325 Signiae
441 4239 462 4306 5
485 4237 557 4308 ldus
579 4237 726 4306 Ianuarii.

771 4425 981 4441 m
