3117 4859
305 230 350 298 52
619 245 922 296 onnosoennrnue
945 245 1165 298 couenmrcsae

174 466 179 479 ι
209 395 280 450 1146
307 391 396 457 cuius
417 394 451 457 et
471 388 523 456 bic
544 388 736 456 maiusculus
762 409 864 477 pagus
887 388 1034 477 dicionis,
1065 391 1169 475 regiae
1192 390 1350 476 presentie
1370 409 1404 458 se
1424 389 1471 456 in-

195 468 290 516 Doe'm
306 510 482 592 gesserunt,
504 511 554 572 set
574 526 639 572 non
662 525 699 572 eo
720 525 862 591 numero,
887 508 974 592 quoti
996 512 1070 573 sunt
1091 508 1209 591 egressi
1232 507 1270 573 de
1288 527 1345 573 suo
1365 526 1471 574 mona·

306 623 420 706 sterio;
449 643 524 689 nam
547 622 771 707 Theodericus,
794 622 942 690 mulionis
965 621 1113 696 beneficio
1135 623 1277 707 functus,
1301 623 1384 710 apud
1405 621 1473 688 Pri·

307 739 476 806 deslariam
503 745 666 824 egrotans,
692 745 767 826 poet
788 739 947 806 modicum
970 745 1019 806 est
1040 744 1072 806 et
1100 738 1279 824 defunctus,
1303 739 1398 807 etad
1417 759 1473 806 nos

305 875 405 941 usqne
426 855 589 941 deductus,
613 857 648 922 in
669 855 923 923 ministerialium
945 855 1116 924 cimiterio·
1131 875 1203 922 oum
1221 856 1287 924 suis
1301 860 1350 924 est
1372 855 1474 944 sepul·

305 977 396 1039 turae
418 972 564 1039 traditus.

210 1092 289 1140 nece
395 1087 502 1156 Pridie
525 1092 641 1172 autem,
664 1107 760 1174 quam
781 1086 958 1157 Winebeim
979 1093 1141 1173 uenerant,
1163 1089 1199 1156 in
1212 1088 1475 1172 Frank(enevurt)

306 1181 443 1272 condicti
464 1201 545 1272 vici¹
565 1205 762 1272 diverterunt
783 1206 900 1292 nostri,
928 1205 984 1274 ubi
1011 1207 1075 1273 iam
1102 1206 1295 1292 frequentius
1323 1205 1476 1272 mansita-

305 1328 396 1390 verat
424 1321 569 1389 dominus
597 1342 673 1389 enus
701 1321 828 1389 electus.
874 1321 917 1389 Et
946 1322 980 1389 in
1007 1321 1161 1390 familiare
1184 1321 1246 1390 sibi
1268 1322 1475 1390 diversorium

306 1438 489 1525 introibant,
512 1439 636 1506 abunde
658 1439 736 1538 satis
757 1439 944 1506 necessariis
960 1440 1137 1527 preparetis
1152 1439 1245 1505 modo
1259 1459 1317 1526 per
1330 1459 1476 1526 puerum,
1555 1489 1557 1502 Α

306 1577 401 1643 quem
422 1556 519 1624 abbae
541 1556 576 1623 in
597 1555 676 1623 haec
697 1561 851 1644 oportune
866 1556 1063 1643 premiserat,
1087 1561 1119 1622 et
1133 1577 1190 1643 per
1205 1555 1363 1641 quendam
1377 1555 1477 1622 maio-

305 1693 374 1740 rem
394 1674 495 1761 ipeius
517 1673 602 1760 pagi,
624 1677 705 1740 nntu
727 1672 836 1739 domni
857 1672 942 1756 regis
964 1671 1023 1739 hoo
1037 1673 1251 1760 precipientis,
1274 1672 1423 1758 quatinus
1447 1675 1479 1738 et

304 1788 339 1856 in
360 1789 536 1858 forensibus
560 1788 601 1856 ed
622 1789 870 1877 comparandum
893 1787 1080 1856 sufficerent.
1120 1789 1206 1856 Talis
1229 1788 1314 1856 enim
1335 1788 1478 1872 Qnatio

305 1905 428 1972 abbatis
455 1905 553 1973 talem
581 1907 768 1973 commeruit
794 1905 1037 1973 sollicitudinem
1059 1907 1147 1973 cirea
1164 1907 1269 1993 ipsum
1291 1910 1324 1972 et
1346 1903 1477 1971 dileccio

304 2022 404 2106 regis;
427 2043 502 2089 nam
524 2027 556 2090 et
578 2022 652 2090 inde
674 2021 878 2090 nihilominus
901 2023 1076 2090 audentius
1099 2021 1211 2106 claret,
1236 2020 1319 2107 quod
1340 2021 1380 2088 de
1397 2018 1478 2089 Wil-

305 2138 461 2206 zenbroeh
495 2136 828 2222 edormierunt)
857 2145 991 2225 quatuor
1019 2137 1139 2206 dietamb
1169 2137 1315 2205 estivales
1344 2143 1376 2205 et
1402 2157 1478 2224 pro·

303 2253 433 2322 liniores
455 2255 490 2340 in
512 2273 677 2321 occursum
698 2255 799 2341 ipsius
821 2256 996 2338 descendit;
1026 2255 1155 2342 insuper
1184 2259 1216 2320 et
1243 2253 1305 2320 alia
1326 2253 1480 2320 nonnulla

304 2371 420 2439 talibus
443 2371 535 2456 longe
557 2371 834 2458 supereminentia,
857 2373 925 2440 loco
948 2377 981 2439 et
1002 2377 1222 2466 temporesuo
1244 2370 1420 2439 referenda

393 2487 470 2556 Post
491 2487 569 2554 baec
589 2488 692 2554 nostri
711 2488 745 2555 in
759 2488 962 2574 introgressis
977 2486 1203 2573 mansionibus,
1225 2492 1271 2572 nt,
1293 2487 1478 2574 compositis

304 2604 386 2689 sois,
416 2604 530 2692 quietis
553 2625 682 2691 operam
704 2605 813 2693 adepti
834 2606 899 2672 iam
920 2605 1084 2672 hilariores
1106 2605 1225 2689 forent,
1255 2604 1351 2672 abbas
1373 2604 1478 2687 venit3

304 2722 457 2793 aliorsum
477 2722 517 2791 ab
539 2721 602 2788 illis
625 2723 796 2789 mansitare
812 2722 949 2790 divertit
984 2721 1074 2800 Quod
1088 2727 1124 2787 ut
1138 2726 1303 2788 sensenmt
1317 2721 1479 2806 commoti,

305 2839 501 2906 sciscitantes
523 2839 553 2905 si
574 2859 608 2906 se
630 2839 753 2906 iuberet
775 2839 836 2906 sibi
859 2839 979 2923 adesse,
1003 2838 1037 2904 in
1059 2838 1231 2905 crastinum
1254 2837 1386 2905 distulit
1423 2837 1481 2904 Set

192 2965 287 3013 Dee-10
305 2955 478 3022 uestinum
499 2955 579 3024 inibi
600 2976 665 3022 non
686 2956 770 3023 iecit
805 2955 887 3022 Nam
915 2974 996 3042 pene
1025 2956 1126 3022 nodis
1154 2955 1257 3022 medio
1284 2954 1381 3023 abbas
1404 2974 1480 3022 cum

305 3071 371 3138 suis
393 3071 575 3156 abscedens,
597 3093 705 3157 regem
728 3073 815 3139 ame
838 3072 1019 3140 absentibus
1041 3071 1104 3138 illis
1128 3071 1329 3139 accelerabat
1368 3071 1480 3158 Ipsum

306 3193 422 3272 autem,
436 3188 519 3274 quod
529 3189 665 3256 intendit
675 3189 751 3274 illis,
762 3191 832 3276 ipse
842 3209 955 3276 passus
967 3193 1024 3256 est
1048 3187 1138 3255 Licet
1148 3188 1245 3272 igitur
1258 3187 1330 3255 illos
1345 3187 1481 3274 preierit

304 3305 374 3392 ipse
395 3305 561 3390 maturius,
588 3305 784 3393 optabilioris
806 3311 912 3373 tamen
935 3305 1050 3372 erroris
1073 3305 1204 3390 viaeque
1225 3305 1479 3392 intercapedines

305 3421 403 3489 abbas
426 3422 570 3509 arripuit,
593 3427 626 3488 et
648 3423 694 3489 sic
716 3423 799 3510 quod
822 3423 1012 3507 decreverat,
1035 3420 1147 3488 effectu
1164 3422 1268 3488 minus
1290 3421 1477 3489 trutinabat

304 3537 387 3605 Nam
408 3539 510 3606 nostri
530 3544 711 3624 noscentes,
734 3538 808 3607 inde
830 3539 936 3627 ipsum
958 3539 997 3606 de
1019 3538 1191 3606 diversorio
1216 3539 1334 3622 abism,
1357 3539 1479 3607 accele-

305 3662 379 3723 rant
399 3656 460 3724 iter
483 3657 633 3744 arripere,
656 3657 733 3724 satis
757 3656 927 3723 admodum
947 3660 979 3722 et
994 3675 1194 3743 prepropere.
1228 3654 1272 3722 Et
1293 3655 1368 3722 dum
1391 3657 1478 3725 insa·

306 3777 444 3860 quantor
460 3773 605 3840 abbatem
618 3774 832 3858 itinerantem,
843 3772 1009 3840 inveniunt
1023 3772 1185 3840 dominum
1199 3777 1343 3840 nostrum
1356 3793 1476 3859 regem.

208 3911 288 3964 nese
393 3888 500 3957 Pridie
527 3895 635 3957 tamen
664 3911 759 3977 quam
787 3890 851 3978 ipsi
877 3889 1140 3973 Frank(enevnrt)
1169 3889 1383 3974 advenissent,
1417 3911 1478 3959 rex

305 4007 378 4075 inde
398 4006 569 4095 profectus,
592 4007 634 4073 ad
647 4006 790 4075 Alceiam
805 4007 869 4095 iter
880 4007 999 4092 dirigit,
1022 4007 1077 4074 nbi
1096 4007 1227 4074 fratrem
1249 4027 1340 4074 suum
1362 4005 1477 4076 ducam

304 4122 505 4192 Alimanniae
537 4124 687 4190 domnum
718 4123 914 4192 Fridericum
947 4125 987 4192 ad
1019 4129 1154 4192 mortem
1189 4145 1288 4211 usque
1320 4123 1478 4192 infirmari

377 4290 398 4323 a
414 4276 556 4324 cimimiterio
572 4295 591 4323 c.
652 4273 676 4322 b.
692 4275 765 4323 diates
782 4293 801 4323 r.

378 4372 402 4427 1.
420 4371 450 4428 in
466 4371 596 4429 condicto
614 4371 685 4428 vieo.
