3117 4859
439 290 589 341 wmsrnr
609 290 776 341 nannoni
798 290 852 339 sao.
1165 272 1231 341 349

60 433 157 519 deret,
182 432 242 501 sibi
264 434 587 520 conquestus‘fuerat
611 434 695 521 quod
715 432 862 501 monachi
876 434 926 501 sui
939 432 1154 501 inobedientes
1170 433 1231 501 sibi
1259 436 1329 494 1149

60 556 90 619 11
110 570 243 639 prorsus
264 550 396 619 rebelles
419 552 591 619 existerent
607 572 709 638 neque
723 550 923 638 disciplinam
938 556 994 617 ant
1006 551 1231 617 correctionem
1247 511 1302 560 Μ
1311 511 1341 559 ⁹⁶

59 666 217 735 ullatenus
244 668 384 754 recipere
405 668 530 736 vedent.
576 667 644 734 Hoc
669 669 775 756 ipsum
798 668 857 735 sab
878 667 1050 734 multorum
1072 667 1232 734 audientia

51 784 142 852 idem
166 784 263 852 abbas
287 785 413 852 domino
435 789 544 851 nostro
566 784 633 867 regi
648 784 861 853 intimaverat.
891 783 957 851 Nos
972 804 1105 870 qnoque,
1127 783 1231 849 karis-

59 901 136 968 sime
165 904 272 989 pater,
300 900 399 969 oculis
424 902 541 969 nostris
562 900 598 967 in
621 901 731 968 eodem
752 903 943 969 monasterio
965 901 1062 988 positi
1083 900 1230 984 vidimus,

59 1016 140 1103 qnod
168 1019 316 1106 proprias
344 1018 453 1086 domos
481 1016 639 1086 habebant
665 1022 698 1085 et
724 1019 900 1106 prebendas
927 1038 1016 1085 more
1043 1017 1231 1085 secularium

59 1133 245 1201 clericorum
267 1134 442 1223 capiebant
475 1135 562 1203 Tunc
584 1157 717 1223 qnoque,
741 1137 775 1203 in
798 1140 968 1223 conspectu
988 1135 1079 1220 regni
1092 1133 1127 1200 in
1141 1137 1232 1200 tanta

58 1251 274 1319 controversia
294 1252 402 1339 positi,
424 1273 525 1339 neque
547 1259 711 1321 tonsuram
732 1273 836 1340 neque
856 1252 999 1319 habitum
1015 1250 1162 1319 monachi
1177 1271 1231 1317 ex-

57 1366 218 1453 hibebant,
241 1374 290 1435 set
311 1368 463 1436 semilaici
486 1368 714 1457 quodammodo
728 1368 916 1437 deridendos
931 1389 1000 1436 sese
1015 1368 1229 1436 ostendebant

58 1484 250 1570 Allegabant
268 1490 413 1573 preterea
434 1486 574 1572 religiosi
588 1486 660 1573 uiri,
684 1487 767 1573 quod
788 1506 958 1573 personam
972 1486 1038 1553 suis
1052 1484 1142 1551 viciis
1157 1502 1231 1550 con-

59 1602 249 1669 sentientem
278 1621 318 1669 ex
347 1602 503 1670 industria
531 1602 708 1688 elegissent.
762 1602 909 1671 Collectis
934 1604 1042 1689 itaque
1071 1601 1106 1668 in
1133 1620 1232 1666 unum

58 1716 170 1785 buum
194 1716 405 1786 obiectionum
427 1720 568 1806 summis,
592 1720 807 1787 adulioatum
829 1724 889 1805 est,
909 1740 975 1787 non
996 1717 1138 1806 potuisse
1152 1737 1231 1784 non-

59 1835 229 1903 nonaobos
245 1834 390 1903 abbatem
406 1836 531 1922 eligere,
554 1858 627 1904 eum
641 1838 801 1925 precipue,
817 1837 871 1923 qui
884 1835 1056 1904 monachus
1070 1854 1231 1921 nunqnam

60 1952 225 2019 extitisset.
272 1950 353 2019 Iussi
376 1958 450 2019 eunt
471 1952 584 2021 deinde
606 1959 673 2020 tam
699 1953 846 2021 monachi
868 1972 963 2041 quarn
984 1950 1179 2020 beneficiati·
1201 1954 1233 2017 et

59 2067 283 2136 ministeriales
306 2068 473 2137 aecclesiae
496 2068 535 2137 ad
558 2071 693 2156 curiam,
721 2092 801 2158 quae
825 2069 937 2158 Spirae
959 2070 993 2136 in
1014 2066 1232 2157 pmifioatione
1260 2080 1331 2135 1150

60 2184 167 2252 beatae
191 2183 312 2253 Mariae
333 2183 491 2254 celebrata
513 2190 570 2271 est
594 2186 770 2255 convenire.
808 2186 871 2255 Ubi
892 2192 967 2274 post
987 2184 1121 2253 multam
1143 2204 1232 2251 mon·
1247 2152 1340 2201 w

60 2302 209 2368 arborum
231 2303 439 2388 pertinaciam
460 2302 588 2370 tandem
609 2304 681 2392 pari
695 2309 769 2372 voto
793 2309 825 2371 et
845 2304 988 2370 unanimi
1009 2322 1163 2371 consensu
1178 2322 1233 2369 ex-

60 2418 240 2505 pecierunt,
269 2419 331 2487 sibi
358 2419 427 2487 dari
455 2420 489 2486 in
517 2426 641 2508 patrem
668 2424 699 2487 et
720 2425 882 2508 pastorem
905 2420 1083 2486 animarum
1104 2438 1233 2485 suarum
1270 2424 1273 2428 ’

60 2536 161 2603 vnum
191 2536 372 2603 nominatae
398 2536 575 2623 religionis,
601 2541 726 2605 vestrae
755 2535 933 2604 sanctitatis
958 2534 1060 2603 tilium
1086 2533 1234 2603 videlicet

62 2650 208 2721 abbatem
223 2649 455 2721 Erliacensem¹
469 2652 631 2721 Eilnlfnm.
662 2651 818 2721 Dominus
832 2674 907 2721 vero
928 2659 1037 2721 noster
1057 2673 1125 2737 rex,
1148 2671 1233 2719 com-

61 2770 219 2837 municato
251 2774 319 2836 tam
345 2768 529 2838 Basiliensis
563 2770 702 2858 episcopi
731 2791 827 2857 quam
855 2770 988 2838 aliorum
1014 2768 1239 2853 religiosorum

62 2886 202 2971 oonsilio,
223 2886 366 2974 predicto
389 2887 544 2955 concessit
559 2884 763 2955 Morbaeense
785 2888 1013 2954 monasterium
1035 2885 1094 2954 sub
1117 2905 1155 2953 ea
1176 2904 1233 2972 spe

62 3004 91 3067 et
112 3003 171 3071 sub
195 3002 253 3069 tali
274 3004 441 3089 mandato,
463 3010 500 3071 ut
521 3004 678 3091 prefatam
701 3003 885 3072 aecclesiam
906 3006 940 3071 in
963 3003 1070 3071 divino
1092 3002 1179 3070 cultu
1201 3006 1234 3069 11

63 3118 236 3187 monastica
257 3119 408 3204 religione
430 3121 626 3188 reformaret.
663 3120 766 3209 Super
788 3142 859 3208 qno,
882 3120 1015 3209 pedibus
1030 3124 1155 3187 vestrae
1171 3117 1233 3186 ool·

62 3234 207 3303 situdinis
234 3236 395 3304 humiliter
420 3236 575 3323 advoluti,
603 3238 716 3305 devote
737 3238 938 3306 clementiam
958 3242 1098 3306 vestram
1119 3235 1233 3322 implo-

63 3368 177 3438 ramus,
200 3358 245 3439 ut,
269 3354 352 3440 quod
373 3359 441 3421 tam
463 3354 541 3422 bene
564 3361 596 3422 11
617 3360 685 3422 tarn
705 3356 860 3422 bonorum
883 3354 1030 3440 suffragio
1052 3354 1233 3421 inchoatum

64 3474 122 3555 est,
153 3470 195 3536 ad
222 3469 373 3538 honorem
394 3469 455 3537 Dei
483 3492 539 3538 vos
562 3477 668 3538 vestra
694 3472 911 3539 benedictione
939 3476 971 3539 et
998 3470 1234 3538 confirmatione

64 3584 247 3671 perficiatis,
274 3608 376 3675 neque
403 3592 526 3656 vestrae
554 3587 682 3675 pietatis
710 3608 819 3655 aurern
847 3586 1002 3673 aliquibus
1024 3586 1233 3675 pseudomon-

65 3702 170 3788 achis,
198 3702 247 3771 bis
280 3708 348 3771 tam
374 3710 459 3774 recte
487 3706 585 3790 gestis
612 3702 826 3773 contadicere
854 3703 1047 3790 volentibus,
1080 3702 1233 3771 inclinare

66 3816 243 3904 dignemini.

133 4004 153 4038 a.
172 3990 294 4039 beneflcati
311 4009 330 4037 c.

132 4079 158 4133 l.
176 4094 200 4135 s.
212 4077 417 4135 Herilaoensem
436 4075 547 4146 (Erlach
565 4076 732 4147 monasterii,
750 4076 840 4134 dioec.
852 4076 1075 4146 Lausannensis).
