3117 4859
329 252 392 319 178
707 262 857 313 wmsrmr
876 260 1042 313 mussona
1061 261 1114 310 roa.

239 418 309 474 1148
414 407 483 477 Lex
504 426 594 475 sacra
614 384 759 495 precipit,
781 406 872 473 utin
894 404 1047 474 sacrificio
1069 402 1118 471 sal
1139 400 1288 471 efferatam
1296 398 1314 469 ¹.
1346 401 1487 491 Etapo-

276 529 281 539 '
328 526 425 595 stolus
448 525 539 592 dicit:
564 524 613 591 se
633 549 731 591 caeno
752 535 850 591 ceder
863 525 928 590 ecte
942 515 1107 590 conditus&
1142 519 1350 606 Quaecunque
1363 519 1490 587 condita

325 662 389 711 non
405 647 479 709 runt
498 640 574 727 eale,
596 640 734 728 insipida
755 646 830 707 sunt
851 645 884 707 et
897 637 938 706 ad
951 638 1107 705 humanae
1120 637 1301 704 reiectioms
1314 636 1492 724 profectum

199 776 208 792 ·
326 760 455 827 minime
471 756 680 826 accommoda
700 755 810 823 Virtus
823 754 912 823 nulla
926 760 984 839 est,
997 774 1092 841 quam
1105 753 1252 821 discretm
1266 752 1400 835 deserit3
1414 752 1492 819 baec

326 882 375 944 est
396 875 444 943 sal
466 881 498 943 et
520 874 752 943 condimentum
773 892 890 956 rerum,
913 891 993 958 quae
1015 871 1098 937 inter
1119 870 1218 938 bonas
1232 875 1494 938 momorantur.-

326 992 467 1060 Virtutes
495 993 529 1059 in
558 989 732 1057 meditullio
760 990 882 1077 positae
908 993 983 1056 sunt
1008 986 1092 1055 inter
1112 987 1306 1055 nimietatem
1327 992 1363 1055 at
1383 985 1494 1074 pauci·

325 1112 432 1175 tatem.
468 1107 554 1176 Haec
576 1112 625 1174 est
645 1107 698 1173 via
719 1108 816 1192 regie,
839 1106 873 1173 in
895 1124 959 1191 qua
979 1103 1107 1193 superbi
1128 1103 1324 1171 abscondunt
1344 1096 1494 1190 laqueos⁸

325 1224 432 1309 nobis,
461 1224 495 1291 in
521 1244 584 1309 qua
604 1223 650 1290 ite
672 1228 720 1289 est
741 1221 980 1306 ambulandmn‚
1007 1226 1045 1288 ut
1065 1240 1167 1306 neque
1190 1218 1231 1287 ad
1251 1220 1420 1287 dexterm
1441 1218 1496 1286 de

326 1340 477 1409 clinemus
499 1360 558 1427 per
579 1339 844 1407 inconsideratum
867 1338 929 1421 zeli
956 1336 1113 1425 pronioris
1141 1336 1300 1421 ardorem,
1325 1356 1435 1423 neque
1456 1334 1497 1402 ad

326 1458 488 1525 sinistram
510 1455 670 1523 deviemus
688 1476 747 1542 per
761 1454 932 1522 dissolutae
945 1453 1140 1521 remissionis
1154 1457 1323 1541 torporem.
1391 1451 1497 1531 Quor·

326 1594 396 1641 eum
418 1572 515 1639 haec?
546 1571 627 1651 Quia
649 1572 794 1639 videlicet
815 1572 850 1638 in
871 1592 919 1656 eo,
943 1571 1026 1657 quod
1046 1591 1104 1637 uos
1126 1575 1194 1637 tam
1214 1570 1407 1656 frequenter,
1430 1574 1498 1635 tam

325 1690 481 1757 instanter
501 1689 666 1773 revocatis,
689 1688 828 1774 modum,
851 1689 906 1773 qui
928 1693 976 1755 est
990 1686 1188 1755 decretionis
1203 1706 1317 1770 comes,
1340 1684 1499 1752 excedere

326 1805 486 1873 videmini.
522 1805 601 1872 Gum
624 1806 708 1872 enim
731 1809 840 1872 sancta
862 1810 894 1873 et
914 1803 1102 1872 venerabilis
1123 1808 1226 1871 mater
1245 1806 1356 1869 nostra
1378 1800 1499 1869 Stabu-

326 1922 422 1989 lensis
445 1921 597 1989 aecclesia
610 1922 718 1989 multis
733 1922 830 1989 inerit
845 1922 955 1989 attrita
967 1921 1134 2009 pressuris,
1157 1920 1352 1987 occasionem
1366 1919 1499 2007 rapicn-

325 2040 410 2107 tibus
434 2039 575 2126 inprobis
598 2060 637 2105 ex
656 2058 703 2123 eo,
726 2038 820 2126 quod,
842 2038 984 2105 divinam
996 2036 1194 2106 vocationem
1215 2040 1247 2103 et
1260 2041 1401 2103 vestram
1418 2056 1499 2103 una-

326 2155 445 2223 nimem
476 2154 658 2222 electionem
681 2155 796 2240 secuti,
825 2155 867 2221 ad
887 2175 944 2222 voe
966 2154 1185 2238 transivimus,
1212 2151 1347 2239 impium
1369 2158 1447 2219 erat
1467 2156 1500 2220 ct

328 2272 414 2339 omni
435 2270 537 2339 bestie
550 2272 672 2338 furente
686 2270 853 2356 crudelius,
876 2292 947 2339 eam
961 2272 996 2337 in
1010 2270 1164 2356 angustiis
1178 2274 1211 2336 et
1223 2269 1288 2335 iam
1302 2267 1499 2356 inpendente

327 2388 420 2455 ruine
442 2388 593 2455 deserere.
637 2388 827 2455 intravimus
848 2387 883 2456 in
906 2388 1037 2455 eandem
1060 2386 1243 2455 aecclesiam
1262 2402 1321 2472 per
1343 2380 1498 2467 ostinm‘3

329 2505 412 2591 quod
434 2505 473 2571 de
495 2505 562 2571 vita
584 2510 616 2571 et
637 2506 778 2573 moribus
800 2505 918 2572 nonnis
940 2505 1044 2572 dicere
1059 2521 1256 2589 nequaquam
1269 2502 1499 2589 presumimus,

328 2625 376 2688 set
405 2620 443 2688 de
470 2626 538 2689 tota
566 2620 762 2689 ordinatione
790 2628 822 2689 et
850 2621 1048 2708 provectibus
1074 2619 1192 2687 moenis
1218 2617 1312 2706 plane
1335 2616 1499 2687 affirmare

327 2757 391 2803 non
404 2736 618 2805 formidamus.
642 2738 834 2806 Videbamus
852 2738 959 2824 itaque
972 2756 1037 2803 non
1050 2736 1161 2823 lupum
1174 2754 1272 2802 nuum
1287 2731 1498 2820 venientem‘,

327 2853 391 2920 nisi
411 2854 492 2921 torte
515 2859 615 2921 totam
637 2854 805 2923 demonum
825 2854 1015 2942 phalangem
1034 2873 1132 2921 unum
1144 2851 1255 2939 lupum
1268 2850 1498 2938 intelligamus,

328 2974 377 3037 set
398 2970 570 3037 multorum
591 2971 739 3058 luporum
760 2970 1004 3039 innumerabiles
1027 2970 1194 3053 exercitus,
1216 2968 1271 3054 qui
1285 2965 1326 3034 ad
1340 2967 1498 3037 devenu-

327 3086 401 3153 dam
430 3085 646 3154 stabulensem
679 3087 862 3155 aecclesiam
889 3093 921 3155 et
947 3107 1094 3172 magnam
1119 3090 1244 3173 partem
1269 3082 1498 3171 Lothuriugiac

330 3200 458 3269 efferata
479 3203 567 3271 rabie
589 3204 797 3272 inhiaverant
833 3203 888 3271 Set
908 3203 996 3271 misit
1009 3202 1096 3271 Deus
1111 3202 1266 3289 Spiritum
1287 3207 1437 3269 sanctum
1456 3202 1498 3271 de

329 3317 414 3387 coelo
435 3324 466 3385 et
480 3319 633 3387 conclusit
647 3342 703 3387 ore
717 3317 870 3405 leonum‘‚
895 3325 988 3405 atque
1002 3320 1177 3408 imperante
1191 3318 1272 3404 lesu,
1295 3319 1350 3405 qui
1362 3324 1497 3407 propter

327 3440 457 3522 peccata
478 3442 588 3505 nostra
609 3436 790 3521 dormierat,
813 3436 915 3505 ventis
932 3442 965 3503 et
980 3438 1072 3521 mari,
1094 3436 1178 3504 iacta
1199 3441 1248 3504 est
1268 3434 1496 3521 tranquillitas,

328 3557 472 3639 suspecta
495 3553 621 3638 quidem
644 3559 675 3621 et
696 3552 792 3640 plena
813 3553 893 3621 dolis
913 3557 947 3621 et
958 3553 1082 3620 insidiis
1097 3557 1130 3620 ei
1144 3552 1268 3638 qualem
1281 3556 1393 3619 nostra
1408 3558 1496 3622 aetas

328 3668 403 3737 dare
426 3670 597 3755 consuevit,
620 3674 838 3737 verumtamen
860 3669 974 3757 aliqua
1002 3669 1114 3737 Vester
1133 3669 1231 3753 igitur
1251 3666 1380 3736 affectus
1394 3668 1432 3735 iu
1445 3690 1496 3737 re·

327 3785 467 3853 vocando
482 3785 648 3855 laudabilis
664 3792 713 3855 est
728 3792 759 3855 et
773 3786 863 3854 nobis
877 3786 1086 3872 gratissimus,
1100 3785 1309 3853 revocationis
1323 3805 1399 3852 vero
1414 3790 1497 3853 tem·

326 3923 387 3990 pus
410 3907 442 3969 et
464 3923 558 3970 censa
573 3904 673 3970 leudis
689 3902 816 3969 titulum
830 3923 894 3969 non
908 3907 1055 3970 merctur.
1090 3902 1227 3990 Tempus
1241 3901 1396 3988 equidem,
1420 3902 1495 3989 quia

326 4018 532 4106 inportunum
555 4026 617 4105 est3
641 4040 736 4088 causa
756 4040 832 4086 vero
854 4024 920 4086 tam
942 4019 1072 4106 puerilis
1095 4025 1153 4103 est,
1175 4039 1215 4086 ne
1230 4018 1370 4085 dicamus
1384 4018 1492 4102 stultu,

328 4141 364 4203 ut
378 4136 474 4220 digna
489 4157 552 4203 non
566 4138 662 4204 fuerit
677 4138 773 4204 tantis
789 4136 962 4204 conatibus.
989 4134 1076 4203 Haec
1090 4136 1175 4203 enim
1189 4140 1238 4202 est
1252 4136 1392 4201 maxima
1404 4135 1493 4202 festi-

328 4258 420 4323 natae
443 4255 650 4321 revocationis
673 4272 783 4339 causa,
812 4254 910 4340 quod,
938 4257 974 4319 ut
995 4250 1099 4319 verbis
1121 4256 1249 4318 utamur
1269 4253 1399 4336 vestris,
1427 4251 1493 4319 fere

399 4384 425 4439 1.
447 4384 535 4441 Levis
555 4388 648 4455 2,13.
719 4387 746 4440 2.
770 4386 873 4441 coloss.
891 4384 923 4454 4,
941 4386 968 4439 6.
1038 4382 1491 4452 3.0f.Ps.1st‚set141‚c

328 4475 673 4544 4.V.10umn.10‚2.9.
745 4474 772 4529 b.
790 4474 851 4531 Iob.
863 4474 905 4543 10,
919 4475 961 4530 12.
1032 4472 1243 4541 &Dm-&22
