3117 4859
430 775 569 831 1153

478 864 545 895 ex.
569 870 620 881 -·

390 912 520 958 Febr.
534 912 598 957 in.

368 850 461 896 Ian.

658 254 793 322 546
1416 270 1717 319 wmanm
1759 269 2088 319 armona
2136 269 2244 318 ων.

659 502 838 573 407.
880 503 1082 592 Leges
1133 505 1316 592 pacis
1365 506 1527 570 inter
1581 500 1937 591 Eugenium
1979 502 2089 570 111
2124 527 2367 592 papam
2423 514 2482 569 et
2536 501 2941 568 Friden‘m
2983 499 3023 566 l

877 644 1102 708 reyem.
2683 614 2799 699 (Μ.
2835 615 3011 697 385.)

836 759 910 827 In
964 761 1219 828 nomine
1268 759 1525 827 Domini
1582 781 1783 829 amen.
1876 760 2049 828 Haec
2102 765 2200 827 est
2251 761 2458 828 forma
2512 757 2900 827 concordiae
2950 764 3016 825 et

655 877 1088 945 conventionis
1131 878 1296 944 inter
1340 876 1641 944 domnum
1683 898 1916 964 papam
1943 876 2301 961 Eugenium
2346 881 2411 942 et
2453 875 2762 943 domnum
2795 894 3014 958 regan

654 993 1080 1061 Romanorum
1107 993 1497 1061 Fridericum
1531 995 1893 1078 constituta,
1939 992 2361 1060 mediantibus
2390 991 2828 1058 cardinalibus
2860 989 3014 1058 Gre-

656 1111 832 1196 gorio
878 1115 1132 1177 sanctae
1175 1108 1413 1176 Mariae
1457 1116 1635 1177 trans
1682 1110 1982 1197 Tyberim
1997 1105 2035 1194 ¹,
2086 1108 2330 1176 Ubaldo
2376 1113 2630 1176 sanctae
2674 1106 3013 1191 Praxedis,

655 1226 1020 1294 Bernhardo
1052 1227 1255 1292 sancti
1282 1225 1646 1312 Clemenu's,
1683 1226 2058 1327 Octavianp·
2088 1230 2345 1292 sanctae
2373 1223 2666 1308 Ceciliae‚
2697 1224 3011 1292 Bollando

657 1344 861 1411 sancti
898 1340 1119 1427 Marci,
1165 1340 1468 1427 Gregorio
1513 1343 1718 1410 sancti
1757 1342 2009 1427 Angeli,
2054 1339 2321 1409 Widone
2364 1348 2618 1409 sanctae
2648 1339 2904 1408 Mariae
2942 1342 3008 1406 in

654 1461 934 1548 porticu,
993 1459 1217 1527 abbate
1260 1458 1554 1527 Brunone
1610 1459 1689 1526 de
1732 1454 2096 1526 Caravalle'
2141 1478 2222 1526 ex
2264 1463 2447 1545 parte
2500 1458 2725 1524 domni
2765 1477 3006 1543 papae3

655 1577 959 1644 Anselmo
1035 1575 1560 1661 Havelbergensi,
1648 1575 2034 1642 Herimanno
2112 1573 2582 1642 constantiensi
2666 1574 3005 1661 episcopis,

657 1693 1018 1761 Outhelrico
1062 1693 1141 1759 de
1183 1691 1607 1778 Lenceburch,
1651 1691 1917 1760 Widone
1949 1689 2193 1778 werra,
2236 1690 2503 1759 Widone
2545 1689 3005 1758 Blandratense

655 1809 990 1876 comitibus
1035 1830 1114 1876 ex
1158 1814 1340 1895 parte
1385 1809 1604 1876 domni
1644 1809 1831 1893 regis.

832 1924 1119 1992 Domnus
1164 1925 1475 2011 siquidem
1516 1946 1633 1993 rex
1675 1925 1888 1992 iurare
1930 1923 2122 1992 faciet
2147 1944 2346 1991 unum
2376 1923 2452 1990 de
2480 1922 3002 1990 ministerialibm

655 2040 836 2124 regni
889 2041 958 2106 in
1014 2041 1228 2106 anima
1269 2040 1469 2127 regis,
1528 2048 1593 2108 et
1635 2042 1774 2128 ipse
1817 2040 1987 2107 idem
2031 2059 2224 2107 manu
2267 2041 2528 2128 propria
2572 2038 2728 2106 data
2768 2037 2902 2107 fide
2940 2042 3001 2106 in

656 2176 848 2222 manu
889 2155 1084 2240 legati
1130 2156 1345 2223 domni
1387 2176 1593 2245 papae
1635 2157 1995 2245 promittet:
2043 2156 2211 2243 quod
2252 2157 2390 2244 ipse
2432 2176 2552 2223 nec
2593 2162 2852 2224 trevam
2894 2175 3002 2224 nec

653 2292 878 2360 pacem
918 2272 1112 2340 faciet
1153 2292 1298 2339 cum
1341 2272 1641 2341 Romanis
1685 2293 1803 2340 nec
1847 2292 1989 2341 cum
2023 2271 2289 2356 Rogerio
2320 2270 2573 2339 Siciliae
2618 2273 2761 2340 sine
2805 2272 2999 2340 libero

655 2408 963 2457 consensu
996 2394 1062 2456 et
1090 2388 1409 2457 voluntate
1438 2388 1759 2457 Romanae
1790 2388 2129 2456 aecclesiae
2159 2394 2223 2455 et
2251 2388 2467 2456 domni
2494 2408 2702 2475 papae
2730 2388 2998 2474 Eugenii

654 2504 755 2572 vel
799 2525 1229 2572 successorum
1276 2506 1442 2591 eius,
1496 2507 1608 2593 qui
1652 2511 1935 2573 tenorem
1978 2504 2329 2592 subscripto
2371 2506 2746 2573 concordiae
2786 2513 2999 2574 tenere

654 2641 800 2687 cum
851 2642 998 2705 rege
1049 2620 1422 2705 F(riderico)
1467 2621 1814 2706 voluerint;
1873 2627 1937 2689 et
1992 2642 2108 2709 pro
2153 2621 2391 2689 viribus
2449 2622 2632 2706 regni
2687 2622 2998 2691 laborabit

653 2734 968 2803 Romanos
1026 2737 1360 2821 subiugare
1415 2738 1644 2805 domno
1689 2759 1895 2826 papae
1937 2742 2003 2805 et
2044 2737 2363 2805 Romanae
2408 2737 2749 2806 aecclesiae
2762 2789 2784 2824 ,
2842 2741 2996 2806 sicut

654 2872 953 2938 umquam
996 2853 1252 2920 fuerunt
1295 2874 1334 2921 a
1375 2861 1632 2921 centum
1645 2853 1669 2891 ¹³
1716 2855 1931 2921 annis‘
1975 2859 2163 2921 retro.
2254 2854 2574 2922 Honorem
2616 2861 2897 2943 papatus
2939 2861 2998 2922 et

653 2968 893 3053 regalia
935 2969 1104 3037 beati
1131 2970 1325 3055 Petri,
1372 2970 1536 3037 sicut
1580 2970 1840 3038 devotus
1886 2977 1950 3038 et
1994 2970 2284 3057 specialis
2298 2970 2323 3006 ‘¹
2367 2971 2711 3039 advocatus
2746 2978 2996 3040 sanctae

652 3083 972 3152 Romanae
1028 3086 1396 3171 aecclesiae,
1453 3092 1676 3154 contra
1718 3086 2002 3155 homines
2046 3107 2163 3174 pro
2207 3106 2395 3173 posse
2438 3107 2554 3154 suo
2598 3088 2809 3155 eidem
2855 3108 2995 3155 eon·

655 3201 960 3285 servabit3
1022 3208 1086 3270 et
1144 3202 1463 3288 defendet,
1521 3223 1685 3289 quae
1740 3223 1909 3270 nunc
1961 3202 2185 3287 habet;
2243 3224 2404 3290 quae
2445 3224 2596 3271 vero
2654 3223 2833 3271 nunc
2875 3222 2995 3271 non

653 3316 874 3401 habet,
941 3338 1316 3404 recuperare
1383 3338 1500 3405 pro
1568 3339 1757 3407 posse
1820 3319 2065 3386 iuvabit
2129 3324 2194 3386 et
2255 3326 2628 3408 recuperata
2681 3319 2992 3388 defendet.

653 3431 996 3500 Grecorum
1055 3454 1301 3521 quoque
1343 3436 1482 3520 regi
1523 3435 1765 3502 nullam
1809 3441 2048 3503 terram
2093 3456 2173 3502 ex
2213 3435 2340 3503 ista
2379 3442 2563 3524 parte
2606 3438 2807 3505 maris
2853 3458 2996 3505 eon·

652 3550 864 3633 cedet3
924 3551 1146 3637 quodsi
1189 3552 1353 3619 forte
1395 3550 1504 3618 ille
1547 3551 1881 3637 invaserit,
1925 3573 2042 3639 pro
2087 3552 2325 3620 viribus
2370 3553 2569 3639 regni,
2623 3556 2995 3640 quantocius

650 3667 918 3754 poterit,
969 3668 1182 3755 ipsum
1226 3669 1426 3735 eicere
1471 3668 1733 3736 curabit.
1826 3668 1999 3736 Haec
2042 3669 2254 3737 omnia
2294 3669 2485 3737 faciet
2528 3675 2593 3738 et
2636 3670 2995 3739 observabit

657 3784 790 3852 sine
832 3784 1055 3851 fraude
1099 3790 1165 3851 et
1204 3784 1373 3852 malo
1415 3784 1687 3870 ingenio.

829 3899 1115 3968 Domnus
1160 3921 1309 3968 vero
1363 3921 1535 3988 papa
1580 3901 1960 3988 apostolicae
2006 3902 2395 3970 auctoritatis
2440 3903 2632 3970 verbo
2676 3923 2811 3970 una
2850 3923 2991 3971 cum

661 4016 951 4102 predictis
975 4015 1399 4085 cardinalibus
1428 4017 1497 4084 in
1525 4019 1848 4105 presentia
1873 4020 2368 4106 prescriptorum
2395 4018 2747 4104 legatorum
2779 4021 2989 4088 domni

795 4217 837 4251 a.
879 4197 978 4251 ch.
1010 4223 1049 4252 c.
1174 4204 1218 4250 b.
1251 4204 1396 4252 centis
1428 4222 1467 4251 c.
1593 4217 1634 4251 c.
1662 4207 1861 4266 sequitur
1892 4206 1939 4252 et
1969 4206 2053 4253 ud
2084 4206 2289 4253 deletum
2410 4205 2458 4253 d.
2489 4205 2662 4266 spimu
2692 4224 2730 4253 c.

796 4291 845 4344 1.
893 4290 942 4345 is
976 4289 1266 4362 presbyter
1311 4290 1457 4347 eard.
1496 4289 1554 4345 in
1591 4306 1703 4347 una
1748 4289 1897 4348 bulla
1931 4290 1985 4346 d.
2023 4291 2078 4347 d.
2114 4293 2151 4348 2
2184 4292 2301 4348 Ian.
2339 4292 2479 4349 1153
2512 4292 2674 4350 testis
2705 4299 2983 4364 comparet

657 4390 725 4430 cs.
763 4378 899 4449 Reg.
925 4385 1077 4448 pont.
1103 4379 1258 4435 Rom.
1295 4396 1350 4449 p.
1375 4380 1522 4447 616).
1666 4381 1718 4436 2.
1758 4379 2112 4452 Chim-avane,
2147 4396 2320 4452 prope
2355 4380 2734 4439 Mediolanum.
