3117 4859
508 260 696 316 mucuns
717 261 771 310 suc
786 261 842 310 ern
929 328 931 333 Ι
1193 245 1261 314 dot

86 400 343 491 archiepiscopus
372 402 488 470 dilecto
518 405 619 472 amico
648 423 704 472 sno
733 403 848 470 domno
876 399 1059 470 widikindo
1087 401 1261 472 rmercbiii
1278 410 1349 465 1190

86 515 271 586 corniano
293 519 399 587 stoan
422 520 573 588 crosone
596 533 629 588 o
649 520 783 588 nemo
803 518 981 586 mucrona
1003 519 1199 606 cononum.
1291 483 1334 530 M

176 633 365 704 Potitionem
398 636 572 704 honestetis
605 641 730 704 vestroe
763 655 859 723 super
892 636 1126 704 consecratione
1154 641 1262 704 rosus

83 758 235 839 prompti
250 751 412 820 uoluntate
435 773 472 820 oc
494 754 629 840 benigno
652 751 766 820 effectu
789 753 995 838 suscepimus,
1018 757 1129 840 utpote
1150 753 1191 820 de
1212 773 1261 838 eo,

84 887 181 951 quem
203 869 325 936 siucero
348 869 441 936 corde
464 870 684 957 amplectimur
707 869 857 954 cuiusque
873 868 1022 954 obsequio
1035 868 1171 940 libenter
1186 889 1261 956 ope·

82 1003 156 1049 ram
178 990 318 1052 nostrum
340 986 563 1074 impendimus.
603 985 642 1052 In
663 986 810 1073 proximo
828 985 927 1069 igitur
949 985 1108 1053 domimus
1128 981 1198 1053 die¹
1219 1005 1259 1053 en

82 1098 218 1168 consilio
244 1101 374 1170 ecclesie
401 1108 507 1170 nostre
535 1121 665 1170 menum
688 1102 776 1170 uobis
805 1103 958 1189 inponere
980 1102 1191 1188 disponimns3
1220 1102 1261 1170 ud

82 1235 181 1300 quern
192 1216 275 1284 diem
291 1219 492 1286 sanctitatem
501 1224 641 1287 vestrum
650 1219 833 1303 inuitemus,
844 1223 1002 1322 regentes
1016 1219 1101 1286 utin
1115 1219 1259 1306 proximo

81 1329 234 1400 subbato¹
249 1334 345 1402 Culus
367 1336 408 1402 sd
422 1355 487 1402 uos
501 1336 647 1422 remotis,
670 1336 939 1415 consecrationem
960 1355 981 1402 o
1000 1335 1092 1404 nobis
1113 1335 1261 1423 proximo

81 1448 137 1516 die
159 1453 495 1540 seqnsnuoeeoptun

82 1662 177 1734 475.
194 1667 388 1734 medendos
411 1669 506 1735 attae
523 1667 761 1749 Ccrbeienec'bus,
785 1691 819 1732 se
841 1677 1050 1732 consecratum
1068 1689 1141 1748 esce,
1163 1667 1259 1754 ripoi-

188 1785 295 1874 ᾖσαν.
336 1795 339 1800 “

84 1961 88 1966 -
173 1914 374 1983 widikindus
388 1915 451 1982 Dei
464 1915 569 1998 metio
582 1914 782 1982 Gorbeicusis
798 1913 950 1982 eudesius
962 1913 1092 1982 humilis
1113 1914 1260 1982 minister
1278 1927 1349 1983 1190

81 2030 390 2098 dioensinchristo
401 2031 754 2117 mensunusum)
765 2029 1085 2118 pecuniamne)
1096 2033 1258 2119 proposse
1290 2001 1333 2049 n

79 2148 207 2234 totique
217 2148 358 2215 eiusdem
373 2147 503 2216 ecclesie
517 2148 655 2236 capitulo
671 2147 806 2216 salutem
821 2154 854 2215 et
865 2153 1034 2235 paternum
1047 2146 1257 2216 dilectionem

175 2263 395 2348 significemus
411 2265 511 2348 uobis,
535 2265 618 2351 quod
639 2265 771 2332 nuncios
794 2269 920 2332 neuros
942 2264 984 2330 cd
1005 2264 1156 2332 domuum
1169 2263 1259 2348 Mug-

81 2380 312 2465 deburgensem
334 2381 578 2465 transmisimus,
599 2386 641 2448 ut
656 2381 884 2448 benedictionis
905 2385 1014 2448 nostre
1036 2379 1077 2448 ob
1098 2381 1169 2468 ipso
1185 2401 1258 2465 grn-

80 2497 162 2564 tinm
191 2503 353 2584 tumqusm
380 2499 490 2566 oviro
518 2497 652 2584 proboso
674 2497 904 2583 reciperemus,
932 2516 1066 2582 eumque
1088 2497 1131 2565 od
1151 2502 1259 2566 nostre

79 2615 250 2702 peticionis
280 2614 424 2684 effectum
446 2618 594 2700 peretum
615 2613 804 2680 invenimus.
850 2611 908 2680 Set
928 2632 969 2680 nc
991 2612 1083 2700 quid,
1111 2613 1196 2699 quod
1217 2613 1259 2680 od

81 2731 240 2799 cautelam
256 2737 289 2800 et
308 2751 399 2799 suom
414 2736 447 2799 ct
459 2735 602 2798 noenum
616 2734 785 2817 spectaret,
800 2730 972 2814 omitteret,
989 2730 1064 2815 quio
1078 2734 1258 2817 exemptum

81 2848 248 2916 ecclesium
270 2853 411 2916 nostrum
434 2869 454 2915 e
474 2846 690 2914 iurisdictione
714 2846 855 2912 omnium
877 2847 1097 2934 episcoporum
1117 2847 1257 2914 noudum

82 2986 123 3033 ex
151 2965 370 3034 instrumentis
397 2965 515 3032 nostris
541 2963 634 3051 plene
663 2967 868 3048 cognouerat,
896 2962 1106 3050 exemptionis
1131 2968 1258 3030 nostroe

82 3082 226 3150 exbiberi
259 3081 321 3150 sibi
352 3081 554 3170 privilegium
584 3077 766 3166 postulavit.
818 3078 907 3158 Quod
934 3098 1009 3146 cum
1034 3079 1071 3146 in
1098 3079 1258 3148 audientis
1396 3087 1401 3094 '

80 3197 332 3283 nienburgensis
360 3196 552 3282 Everhordi‚
579 3195 866 3280 Nuuenburgeusis
891 3194 1069 3281 Bertholdi,
1096 3195 1258 3264 Brenden·
1311 3207 1319 3231 ³

79 3315 247 3400 burgensis
269 3315 374 3400 Alexi,
397 3313 593 3382 Missinensis
613 3301 776 3380 'Thiderici
798 3312 1028 3400 opnoopomm,
1054 3312 1204 3382 obbotum
1225 3318 1258 3382 et

81 3431 279 3499 diversorum
302 3431 504 3500 coelectorum
519 3429 713 3517 prelatorum
726 3429 762 3496 iu
777 3429 910 3497 ecclesis
924 3449 1004 3515 quse
1018 3426 1257 3514 Godesg'enotbe

81 3549 198 3616 dieitur
226 3547 351 3635 publico
376 3548 488 3614 fuisset
516 3547 699 3629 recitatum,
729 3545 879 3614 ecclesius
906 3551 1034 3617 nosnos
1061 3545 1191 3612 libertus
1216 3543 1257 3612 sb

82 3665 227 3732 omuibus
250 3670 300 3732 est
320 3662 540 3750 comprobuts;
563 3669 596 3730 et
618 3662 664 3728 sic
686 3681 725 3728 en
742 3662 882 3730 omnium
896 3662 1110 3749 predictorum
1125 3660 1256 3728 consilio

33 3779 39 3790 ‘
82 3783 301 3868 episcoporum
324 3785 448 3848 etcum
472 3779 518 3846 eis
541 3778 674 3846 domnus
696 3777 951 3866 archiepiscopus
972 3797 1104 3846 monum
1116 3775 1206 3844 nobis
1220 3777 1255 3844 iu

82 3897 133 3964 dic
155 3897 246 3964 toan
261 3891 432 3964 Proxedis¹
452 3895 620 3984 imposuit.
644 3892 711 3961 Hoc
724 3895 815 3964 vobis
836 3893 1014 3962 intimando
1034 3892 1254 3980 tumescimus,

80 4018 118 4080 ut
140 4019 173 4082 et
194 4013 324 4081 ecclesie
345 4016 469 4080 vestroe
492 4015 525 4079 et
545 4016 653 4079 nostro
674 4010 788 4080 honori
808 4009 1080 4096 congratulemini.

153 4152 174 4186 ι
196 4142 227 4197 cl·
243 4156 313 4198 sopra
326 4137 406 4198 ΝΜ
420 4155 441 4184 r·
451 4153 471 4183 ⁶·

152 4217 177 4272 1.
196 4216 246 4272 Iul.
260 4217 303 4272 21.
375 4215 401 4271 2.
419 4213 469 4270 1111.
482 4213 525 4270 20.

534 4427 558 4433 -.
564 4413 795 4445 ...o-m
