3117 4859
295 260 339 327 84
683 277 833 325 wmrrmr
854 275 1019 326 nrmuoun
1040 277 1078 324 11.

299 419 358 488 ll.
390 419 548 488 tholetoe
570 442 591 484 o
604 419 758 487 Lotbon'o
771 425 959 510 imperatore
968 423 1056 509 petit,
1080 421 1186 487 atei&
1203 419 1372 508 oRoperr'o
1390 443 1463 508 repe

382 539 416 604 ὄπ
437 560 572 602 mmmm
594 541 753 625 oaparta‘or
774 539 908 604 &durato
934 531 1133 604 abeno&
1347 531 1401 616 (li.
1421 535 1463 616 l.)

197 672 266 758 113?
381 669 531 737 Lotbario
542 667 603 736 Dei
616 671 719 754 gratis
732 670 946 738 Romanorum
960 669 1167 737 invictissimo
1183 670 1313 754 caesari,
1329 670 1464 757 impera-

183 747 232 794 ω’
245 761 276 793 ¹¹¹*
292 787 356 854 tori
377 791 510 872 augusto
526 806 563 853 ac
577 786 800 875 triumphatori
817 791 980 875 perpetuo,
996 785 1168 854 Guibaldus
1183 785 1243 853 Dei
1259 785 1362 870 gratia
1375 784 1464 852 Gasi-

292 905 399 972 nensis
422 903 564 971 coenobii
585 902 731 970 minister
752 903 901 988 indiguus
924 903 1047 971 debitae
1068 901 1231 970 fidelitatis
1254 902 1448 988 obsequium.

306 1067 311 1074 .
381 1018 458 1087 Post
489 1018 672 1086 innumeras
706 1019 948 1105 sollicitudines,
983 1021 1095 1106 quibus
1128 1019 1282 1086 nimirum
1317 1025 1466 1086 oneratur

291 1135 467 1204 Romanum
499 1139 700 1226 imperatoris
733 1137 911 1222 fastigium,
944 1135 1102 1204 laudabile
1129 1136 1314 1204 clementiae
1341 1141 1466 1203 saeuae

293 1254 525 1340 cognoscimus,
553 1253 815 1323 christianissime
843 1254 1016 1342 imperator
1044 1273 1081 1320 aa
1103 1253 1315 1341 triumphator
1337 1253 1464 1337 invicte,

294 1389 363 1438 osse
384 1372 600 1458 propositum,
627 1393 686 1460 per
708 1371 808 1457 quod,
832 1369 985 1438 submotis
1008 1371 1153 1438 omnibus
1177 1369 1406 1437 discordiamm
1430 1387 1465 1436 ac

294 1487 561 1572 querimoniarum
584 1488 756 1556 seminibus
779 1508 861 1575 quae
882 1488 916 1554 in
933 1506 1008 1572 agro
1023 1487 1180 1554 dominico
1195 1486 1325 1554 humani
1340 1485 1465 1570 generis

293 1602 439 1671 iuimicus
463 1610 659 1692 asperserat,
684 1611 812 1672 saumae
834 1602 1005 1672 catholicae
1027 1603 1192 1671 Gasinemi
1215 1603 1364 1672 ecclesiae
1386 1603 1466 1691 piis·

293 1719 374 1786 simo
401 1722 516 1788 mentis
546 1720 660 1789 affectu
688 1720 850 1789 comulere
878 1720 1032 1787 voluistis.
1067 1719 1104 1787 ln
1132 1741 1193 1806 quo
1221 1718 1341 1788 scilicet
1367 1719 1467 1786 animi

294 1840 366 1903 voto
395 1857 432 1904 ac
458 1837 632 1924 desiderio,
662 1843 815 1926 quantum
843 1838 936 1905 rebus
964 1837 1110 1904 humanis
1138 1837 1244 1905 favere
1266 1836 1467 1924 providentia

294 1952 403 2020 divina
429 1954 592 2040 dignetur,
623 1955 801 2023 sollicitudo
830 1953 1014 2022 clementiae
1042 1957 1166 2021 vestrae
1195 1953 1311 2040 spiritu
1333 1952 1394 2020 Dei
1417 1953 1465 2018 iu·

294 2069 393 2136 citata
414 2070 624 2154 demonstrat3
647 2091 727 2158 quae
749 2090 838 2138 more
851 2069 1064 2138 Romanorum
1085 2071 1314 2158 imporatorum
1330 2069 1467 2152 benigna

294 2186 379 2253 circa
401 2206 510 2254 omnes
533 2187 651 2255 existit
686 2187 759 2254 ldec
783 2193 825 2272 et,
849 2187 940 2272 quasi
956 2185 1024 2254 Dso
1047 2185 1290 2274 contemplante,
1312 2183 1466 2273 populum

294 2301 424 2369 Domini
446 2303 507 2370 sibi
529 2304 731 2373 commissum
753 2303 838 2370 felici
860 2309 950 2388 regat
972 2322 1097 2391 semper
1120 2308 1152 2371 et
1169 2302 1323 2387 gubernet
1335 2302 1465 2385 intuitu,

294 2400 354 2487 nec
376 2417 511 2507 amplius
532 2421 682 2508 patiatur,
707 2440 759 2486 eos
783 2419 939 2506 aliquibus
962 2418 1079 2486 saecoli
1100 2419 1193 2505 hqius
1215 2417 1363 2507 procellis
1383 2417 1467 2486 illidi

295 2540 351 2602 aut
376 2536 524 2621 malignis
549 2536 838 2625 perturbationibus
862 2537 1000 2618 concuti3
1030 2541 1183 2622 quatenus
1205 2541 1279 2623 post
1300 2535 1360 2602 hoc
1381 2537 1466 2602 vitae

295 2654 471 2739 praesentis
499 2653 668 2741 imperium
699 2673 831 2738 regnum
858 2651 992 2720 coeleste
1020 2653 1152 2739 adipisci
1180 2658 1213 2720 et
1239 2652 1273 2718 in
1302 2657 1467 2720 aeternum

295 2788 368 2836 cum
381 2769 518 2836 Domino
540 2770 677 2838 retinere
699 2769 841 2837 valeatis.
876 2769 958 2836 Hinc
979 2769 1086 2854 itaque
1108 2788 1166 2858 pro
1189 2773 1280 2836 tanta
1301 2768 1466 2836 deuotione

296 2886 454 2972 animique
476 2886 574 2953 vacui
595 2886 787 2971 sinceritate,
811 2905 906 2972 quam
926 2906 990 2953 non
1013 2884 1116 2953 solum
1138 2885 1242 2954 verbis
1261 2885 1317 2952 sed
1331 2883 1466 2952 lucifluis

296 3003 392 3072 etiam
421 3002 568 3090 operibus
590 3003 675 3070 circa
697 3003 901 3070 Casinensem
923 3002 1087 3070 ecclesiam
1109 3007 1142 3068 ct
1162 3007 1303 3070 noemam
1325 3002 1466 3089 parvito-

296 3122 362 3185 tem
384 3119 580 3202 ostendistis,
610 3118 726 3186 obnixe
747 3119 902 3206 petimus,
929 3124 965 3185 ut
986 3124 1091 3186 vestm
1113 3119 1235 3206 potenti
1258 3118 1370 3186 solatio
1392 3139 1466 3186 san·

297 3239 381 3302 ctam
403 3233 605 3303 casinensem
628 3235 801 3320 ecclesiam,
824 3234 958 3302 Romani
981 3235 1106 3322 imperii
1122 3235 1291 3322 specialem
1306 3255 1343 3302 aa
1357 3235 1466 3320 singu·

296 3350 396 3417 larem
418 3371 586 3436 cameram,
608 3353 642 3419 in
663 3351 732 3418 hoc·
744 3351 921 3439 periculoso
943 3356 1084 3438 tempore
1107 3352 1141 3418 iu
1156 3351 1300 3420 omnibus
1316 3352 1466 3419 adiuvare

296 3467 523 3554 defendereque
544 3488 609 3535 nou
631 3467 833 3553 dedignatum
858 3472 1010 3554 quatenus
1033 3489 1073 3534 ex
1095 3467 1154 3536 hac
1169 3474 1275 3537 vesus
1291 3467 1465 3555 imperialis

296 3582 411 3670 gloria,
440 3584 614 3652 beatissimi
635 3585 736 3672 patris
759 3585 861 3652 nostri
881 3583 1044 3652 Benedicti
1067 3583 1309 3670 suffragantibus
1331 3586 1466 3670 meritis,

295 3720 354 3788 per
375 3707 503 3768 cunctas
526 3701 611 3769 orbis
625 3701 760 3768 Romani
782 3707 888 3789 partes
911 3702 1011 3786 magis
1035 3723 1072 3770 ac
1093 3703 1194 3786 magis
1208 3703 1244 3770 in
1258 3701 1326 3770 dies
1341 3723 1467 3790 semper

297 3824 454 3884 accrescat
476 3823 508 3885 et
530 3818 615 3906 apud
635 3819 883 3906 omnipotentem
898 3816 1069 3885 Dominum
1084 3818 1212 3904 dignam
1227 3818 1466 3888 retributionem

295 3935 459 4022 percipiat

367 4073 389 4106 ι
405 4061 432 4107 Ia
447 4059 492 4104 boe
506 4067 528 4104 et
542 4061 566 4104 ἔνι
581 4076 617 4114 ec,
634 4076 693 4121 qm
708 4061 815 4121 requitur,
831 4060 929 4118 epistola
945 4063 1051 4121 (quorun
1066 4069 1182 4121 uvamque
1196 4061 1277 4108 Palm
1294 4061 1405 4109 atacem
1422 4063 1466 4111 Cr·

296 4141 391 4188 m
404 4141 523 4195 snecta)
541 4139 630 4186 adada
647 4142 750 4186 nm
764 4148 786 4184 er
800 4139 899 4186 onena
916 4141 987 4188 (0011.
1000 4142 1032 4188 11.
1047 4141 1093 4187 188
1105 4149 1127 4186 er
1142 4141 1197 4194 lit)
1215 4143 1252 4187 m·
1266 4151 1318 4188 aar
1332 4143 1435 4201 ese-pb
1450 4159 1467 4188 ο

297 4220 397 4268 rm
412 4219 549 4268 neumae
563 4236 593 4266 ea
608 4219 687 4266 codice
702 4222 824 4268 θώων·
837 4227 918 4266 uado.

368 4306 394 4362 1.
411 4304 528 4361 Ineunte
546 4319 640 4360 menso
658 4303 770 4361 Octobri
782 4304 913 4373 scriptam
924 4302 996 4361 hano
1007 4305 1153 4375 epistolam
1165 4271 1235 4376 este,
1253 4311 1330 4376 patet
1341 4323 1377 4364 ex
1389 4305 1464 4366 Petri

296 4394 366 4452 diso
380 4392 479 4452 Obron
493 4394 584 4451 Oasin.
602 4393 693 4449 1an.
713 4409 737 4448 c.
751 4394 813 4449 125.
830 4409 857 4463 p.
872 4393 932 4450 840.
