3117 4859
337 283 403 353 518
715 299 866 348 wmannr
885 297 1052 348 murone
1073 297 1129 346 eea

331 442 428 532 Ι386.
451 446 609 513 Amoldce
629 445 669 512 II
684 445 933 532 archiepiscopus
956 444 1144 510 Cocum
1164 442 1311 532 Essem
1332 441 1392 510 ΠΙ
1404 466 1508 531 pupas

447 559 1508 654 cymmeesyaodecocsemeqetdaaemeedee'oecee

448 680 573 760 ecee,
604 701 625 744 a
646 677 896 745 mammetem
918 676 1060 743 Heinrici
1088 678 1224 765 episcopi
1245 677 1422 742 Μίκᾰσιιίι
1442 699 1510 742 cue·

448 805 524 860 cato.
1348 789 1407 871 (lb
1422 789 1509 872 362)

249 923 320 1046 llice
424 917 608 986 Reverendo
634 916 720 1004 patri
748 935 786 984 ac
812 935 935 984 summo
963 911 1107 1003 pontiflci
1130 913 1301 1000 E(ngenio)
1323 914 1510 998 Almolelus)

272 998 466 1105 uLscariotae
478 1033 672 1102 coloniensis
688 1033 858 1102 aecclesiae
872 1031 1001 1100 bmnilis
1011 1033 1158 1099 minister
1157 1029 1368 1117 ,Wlalternm
1383 1032 1510 1099 maior’!

337 1153 506 1221 aecclesiae
520 1153 710 1240 prepositus,
726 1149 944 1232 A(rlelbertus)
958 1149 1106 1233 decanus,
1122 1148 1341 1232 T(biebaldus)
1352 1148 1510 1217 Xanctm·

337 1271 381 1338 sis
410 1269 604 1358 prepositus,
638 1266 823 1350 G(erardns)
851 1265 1031 1333 Bnnncnsis
1062 1264 1243 1353 prepositus
1279 1271 1313 1332 et
1344 1266 1507 1333 universus

336 1385 478 1474 prefatae
501 1385 669 1453 aecclesiae
692 1388 864 1452 cenventus
885 1383 1025 1450 debitam
1039 1381 1214 1450 cumomni
1228 1381 1429 1450 subiectione
1440 1382 1508 1450 obs·

336 1503 498 1571 dientiam.

424 1618 474 1686 De
496 1616 719 1701 controversia,
743 1635 824 1702 qnae
845 1616 930 1682 inter
952 1615 1135 1703 episcopum
1156 1613 1357 1682 limiensem
1379 1620 1417 1682 et
1435 1635 1508 1703 pan-

335 1755 445 1824 perem
472 1734 621 1802 clericum
643 1731 819 1800 Fortlivum
846 1732 974 1800 nomine
1002 1751 1107 1799 coram
1132 1731 1224 1800 nobis
1245 1729 1407 1798 ventilata
1426 1727 1508 1816 fuit¹,

337 1837 501 1919 ammoniti
525 1855 557 1917 et
577 1849 681 1935 rogati
704 1848 744 1917 ab
761 1853 896 1936 unaque
910 1854 1003 1936 parte
1017 1849 1233 1916 testimoninm
1247 1848 1327 1914 dare
1340 1867 1442 1935 snper
1453 1848 1508 1932 lin,

336 1989 417 2056 qnae
437 1967 575 2034 vidimus
599 1970 631 2033 et
653 1966 830 2032 andivimus
854 1970 886 2033 et
907 1983 1013 2032 coram
1034 1965 1127 2032 nobis
1148 1969 1286 2032 tractata
1306 1969 1403 2049 eunt,
1424 1965 1509 2031 testi·

336 2084 478 2152 monium
491 2082 702 2170 perhibemus.
731 2081 849 2150 Notum
863 2083 962 2168 igitur
975 2081 1181 2150 excellentiae
1193 2081 1373 2149 maiestatis
1388 2086 1510 2149 vestae

334 2201 477 2285 iacimus,
502 2199 586 2286 quod
604 2200 669 2266 iam
691 2199 794 2266 dictus
813 2219 935 2286 pauper
955 2199 997 2266 ad
1015 2199 1209 2286 presentiam
1221 2201 1367 2265 nosuam
1381 2199 1510 2266 renim

338 2317 566 2404 querimoniam
587 2315 800 2384 miserabilem
823 2320 917 2402 etque
938 2315 1166 2383 lacrimabilem
1185 2333 1291 2382 coram
1305 2314 1403 2382 nobis
1419 2315 1509 2402 depo

337 2435 410 2520 snit,
433 2433 517 2520 quod
540 2452 693 2500 consensu
715 2437 748 2500 et
768 2433 857 2499 iussn
879 2433 1021 2520 episcopi
1043 2433 1063 2498 a
1083 2431 1345 2499 ministerialibus
1367 2431 1438 2498 suia
1458 2451 1509 2498 cx·

337 2555 461 2619 comtos
485 2550 535 2616 sit.
572 2547 811 2616 Communicato
831 2549 940 2636 itaque
966 2548 1098 2616 consssio
1120 2568 1217 2635 snper
1237 2546 1298 2614 bac
1318 2565 1422 2615 caum
1441 2567 1508 2616 ιιιιιι

335 2667 487 2735 batibus
510 2665 642 2750 nostris,
666 2665 770 2732 visum
791 2665 854 2731 fnit
874 2665 982 2750 nobis,
1004 2670 1042 2731 ut
1063 2665 1229 2752 episcopus
1252 2663 1293 2731 ad
1314 2665 1508 2734 audientiam

337 2789 479 2852 nestram
507 2786 690 2850 evocaretur
717 2786 750 2848 et
776 2801 873 2869 super
898 2782 959 2849 boc
985 2783 1083 2862 verim
1111 2781 1281 2848 audiretur.
1333 2780 1416 2868 Qui,
1443 2802 1508 2850 ιιιι

337 2919 544 2988 responsurus
567 2896 725 2985 impositis
747 2899 926 2986 presentiae
947 2903 1075 2966 nostae
1089 2919 1124 2966 se
1138 2897 1334 2966 exhibuisset
1352 2904 1387 2966 et
1401 2899 1444 2966 de
1456 2899 1509 2966 boc

337 3017 471 3084 nefando
486 3015 570 3082 facto
584 3013 728 3103 pulsatus
743 3014 866 3100 finisset,
886 3015 1047 3082 confessus
1061 3016 1132 3099 init,
1155 3014 1240 3101 quod
1252 3014 1406 3082 undecim
1420 3017 1508 3084 mini·

339 3133 482 3201 steriales
506 3132 555 3198 sni
577 3132 616 3199 de
638 3131 731 3198 domo
754 3151 814 3197 sua
834 3133 954 3216 egressi
970 3136 1003 3199 et
1023 3132 1063 3199 ad
1082 3153 1153 3199 eam
1166 3132 1304 3216 regressi
1323 3131 1390 3199 hoo
1412 3133 1508 3201 soclm

336 3255 403 3316 tam
419 3247 613 3332 detestabile,
634 3268 668 3316 se
683 3248 852 3332 nesciente,
867 3253 1113 3336 perpetrassent
1145 3248 1274 3316 Adiecit
1286 3267 1428 3336 quoque,
1443 3269 1507 3318 cun

243 3453 246 3460 Ι
337 3366 372 3432 in
386 3365 443 3432 bos
459 3383 566 3432 omncs
581 3369 648 3431 tam
663 3365 893 3432 consentientes
908 3384 1004 3451 quam
1017 3364 1169 3433 iacientes
1182 3365 1376 3432 sententiam
1386 3373 1509 3435 restrae

339 3482 669 3550 excommunicationis
691 3481 936 3568 pronuntiasset,
960 3482 1044 3567 quod
1065 3480 1204 3548 tumultu
1224 3479 1335 3567 populi
1357 3483 1507 3568 quosdam

338 3619 456 3684 eornm,
480 3599 535 3684 qui
555 3599 590 3665 in
612 3599 763 3666 comitatu
784 3598 919 3682 meant,
942 3597 1091 3685 qnoniam
1105 3616 1235 3664 manum
1253 3618 1288 3665 se
1301 3597 1336 3664 in
1360 3595 1508 3667 elemcun

337 3717 461 3784 misisse
483 3719 688 3800 negaverunt,
712 3715 873 3782 absolvere
895 3718 1021 3781 coactus
1044 3714 1095 3781 sit
1133 3712 1211 3780 Post
1232 3713 1417 3782 huiusmodi
1438 3735 1508 3785 oon-

336 3833 506 3901 lessionem
529 3852 601 3899 cum
622 3831 842 3920 purgationem
858 3831 1055 3900 innocentiae
1074 3851 1150 3900 snae
1170 3831 1262 3900 nobis
1277 3829 1418 3916 offerret,
1441 3851 1507 3900 aee·

337 3949 434 4018 clesia
460 3953 528 4016 tots
554 3949 621 4016 lere
641 3947 849 4033 reclamante,
876 3967 940 4016 nou
961 3948 1079 4015 fuimns
1102 3949 1172 4016 ausi
1193 3969 1264 4016 earn
1285 3947 1415 4034 audire,
1443 3954 1507 4018 tun

338 4066 413 4153 quia
433 4065 646 4154 periculosum
666 4064 757 4132 nobis
779 4066 883 4132 risum
904 4064 966 4131 fait
986 4069 1117 4152 propter
1135 4063 1316 4132 huiusmodi
1337 4066 1505 4134 ooniesuo-

337 4203 420 4268 nem,
442 4188 511 4249 tum
533 4183 607 4269 quia
628 4181 740 4249 talium
762 4201 947 4249 excessuum
968 4181 1142 4249 vindictam
1160 4183 1250 4251 vobis
1271 4181 1332 4249 soli
1346 4184 1503 4257 servastis

337 4299 375 4366 ln
396 4297 612 4366 malefactores
636 4303 741 4366 antem
763 4318 881 4383 omnes,
904 4304 971 4365 tam
988 4299 1218 4367 consentientes
1234 4319 1332 4385 quam
1344 4299 1502 4384 ferricum

410 4423 434 4476 1.
453 4420 524 4476 luni.
537 4421 581 4478 29.
598 4419 634 4478 V.
646 4435 709 4492 epp.
722 4419 773 4477 381
787 4421 880 4479 ettae
897 4435 981 4493 supra
996 4437 1026 4494 p.
1037 4421 1091 4478 512
1101 4425 1131 4480 et
1141 4421 1202 4479 bll.
