3117 4859
436 300 586 349 wmunnr
606 300 773 351 urueuona
793 300 847 349 eoo.
1160 288 1226 355 373

44 442 220 509 eonsilium
236 442 381 528 quesivit,
397 442 532 529 qualitor
546 442 703 511 Fuldense
717 444 944 530 monasterium
958 445 1004 512 sio
1018 444 1085 513 Deo
1101 452 1227 515 auctore
1251 453 1321 510 1150

29 539 229 643 *ordinaret
260 560 406 646 quatinus
436 559 570 644 ibidem,
600 580 661 645 que
683 559 745 627 Dei
767 560 932 627 suntDso
955 567 1088 647 atquae
1111 564 1227 630 essoris
1243 529 1322 589 ΔΜ

43 680 125 741 sunt
147 677 250 743 esssri
271 674 486 743 redderentur.
533 676 719 744 Dubitutum
743 683 793 745 est
814 678 884 761 diu,
911 683 948 743 ut
977 678 1012 744 in
1033 678 1150 745 talibus
1171 700 1227 746 ne-

43 791 150 875 gociis
175 792 269 876 solet,
295 792 434 859 maxime
454 796 585 880 propter
607 792 723 860 multas
745 794 780 860 in
803 794 891 862 brevi
913 799 1055 882 temporo
1078 795 1227 862 abbatum

42 908 243 975 mutationes
271 914 303 975 et
330 914 461 996 propter
489 910 629 997 partium
658 910 763 977 studia
792 914 825 977 et
851 910 1076 995 dissensiones,
1106 932 1167 998 quo
1192 911 1226 977 in

42 1024 162 1092 eodem
191 1026 381 1093 monasterio
409 1025 511 1092 adhuc
537 1026 659 1093 fervere
684 1027 903 1094 noscebantur.
957 1026 1124 1115 Suspensis
1151 1048 1225 1113 ergo

42 1140 208 1225 omnibus,
231 1140 313 1208 dixit
335 1142 468 1209 domnus
490 1162 558 1225 rex,
582 1142 739 1227 quandam
762 1142 823 1209 sibi
845 1162 1014 1229 personam
1036 1164 1056 1210 e
1075 1144 1153 1211 uiris
1174 1164 1225 1212 re-

40 1258 172 1341 ligiosis
202 1278 270 1325 esse
299 1264 459 1325 ostensum
487 1258 560 1325 boni
589 1234 762 1327 testimonii
792 1266 825 1326 et
849 1259 992 1343 integrae
1017 1261 1135 1347 famae,
1165 1282 1226 1347 que

40 1394 115 1441 rem
131 1374 290 1441 modicam
305 1373 456 1460 religione
468 1376 718 1462 possessionibus
730 1381 762 1443 st
774 1373 905 1443 edificiis
915 1376 1064 1445 nobiliter
1075 1379 1224 1463 auxisset,

41 1491 83 1557 de
109 1490 202 1556 euius
224 1492 342 1577 pietate
365 1496 397 1557 et
418 1489 480 1558 fide
504 1496 597 1577 atque
620 1494 801 1558 constancia
821 1512 1020 1579 nequaquam
1034 1493 1224 1580 dubitarent,

41 1608 124 1694 quin
140 1604 291 1673 Fuldensi
316 1607 485 1674 aecclesiae
508 1614 540 1674 st
561 1628 689 1695 preesse
712 1612 744 1673 et
765 1608 916 1695 prodesse
938 1613 1060 1697 posset3
1083 1611 1118 1676 in
1135 1611 1224 1677 ouius

39 1742 204 1812 personae
226 1723 377 1790 electione
400 1724 428 1791 si
451 1726 589 1791 omnium
611 1729 686 1790 vota
708 1724 949 1811 concordarent,
978 1727 1046 1794 iore
1066 1727 1102 1794 in
1124 1728 1223 1813 brevi,

39 1845 79 1907 ut
103 1860 180 1906 cum
202 1860 259 1906 suo
282 1840 477 1907 clementiori
501 1845 533 1907 et
553 1840 751 1928 propensiori
772 1842 948 1928 patrocinio
965 1841 1131 1911 Fuldensis
1155 1864 1224 1912 aeo-

40 1956 145 2025 elesia
183 1956 354 2042 pristinum
387 1978 463 2024 suae
499 1957 662 2041 dignitatis
695 1956 847 2024 honorem
879 1959 1044 2046 reciperet.
1101 1959 1225 2028 Placuit

41 2072 196 2141 omnibus
225 2075 279 2159 qui
301 2074 433 2141 aderant
454 2078 522 2141 tam
543 2074 598 2160 pis
618 2073 702 2157 regis
726 2074 867 2158 devotio,
894 2080 962 2142 tam
983 2075 1132 2161 religiosa
1152 2097 1223 2143 sen·

39 2192 169 2271 tencia;
199 2194 231 2256 et
258 2190 415 2277 perlatum
442 2196 490 2257 est
511 2190 642 2257 verbum
664 2190 764 2277 ipsius
788 2191 829 2257 ad
851 2189 1001 2260 electores
1025 2213 1044 2260 a
1065 2194 1224 2279 prenomi-

40 2308 131 2375 natis
156 2307 312 2394 spisoopis
335 2312 367 2375 et
389 2307 428 2374 ab
445 2306 637 2373 Eberecensi
660 2312 693 2373 et
706 2306 1025 2375 Hathelesburnensi¹
1047 2309 1223 2394 abbatibus,

41 2446 63 2491 a
84 2422 182 2490 nobis
205 2422 305 2490 eciam
322 2428 355 2489 et
369 2423 409 2490 ab
425 2423 495 2491 aliis
510 2423 715 2511 principibus.
747 2424 847 2502 Quem
862 2444 1049 2509 sermonem,
1071 2432 1224 2512 tanquam

42 2539 201 2607 divinitus
224 2540 372 2623 missum,
402 2541 473 2627 pari
496 2560 649 2607 consensu
672 2545 704 2607 st
725 2540 869 2605 unanimi
891 2544 964 2607 voto
987 2561 1096 2609 omnes
1119 2561 1224 2609 susce·

40 2660 180 2745 perant,
210 2674 387 2741 nomenque
409 2656 486 2739 viri,
517 2657 572 2741 qui
599 2660 688 2722 tauto
711 2656 814 2722 laudis
837 2662 870 2723 et
891 2657 1046 2745 principis
1073 2656 1224 2743 suffingio

40 2776 220 2856 iuvaretur,
236 2772 297 2840 sibi
314 2772 429 2858 exponi
443 2770 638 2857 flagitabant.
662 2772 711 2838 Ita
722 2772 838 2840 celebri
850 2778 1033 2840 cunctorum
1045 2774 1224 2842 coniventia

41 2890 211 2975 elegerunt
237 2890 272 2955 in
300 2888 446 2955 abbatem
476 2894 507 2955 et
533 2893 688 2956 rectorem
717 2888 894 2955 animarum
916 2909 1045 2957 suarum
1068 2897 1100 2959 st
1122 2890 1222 2958 domi·

40 3028 122 3075 num
137 3005 305 3073 Fuldensis
321 3004 445 3072 abbatie
459 3005 609 3072 domnum
621 3004 861 3089 Marcwardum,
877 3005 1024 3073 abbatem
1037 3008 1223 3075 monasterii

41 3124 84 3191 de
108 3117 300 3205 Tekkinge',
325 3122 380 3205 qui
400 3122 505 3189 fuerat
525 3122 664 3188 nutritus
688 3127 719 3189 et
741 3121 891 3188 educatus
914 3142 935 3187 a
955 3142 1054 3209 puero
1075 3124 1111 3190 in
1131 3144 1222 3191 mon·

42 3238 164 3305 asterio
187 3237 289 3303 sancti
304 3235 488 3303 Michahelis
511 3238 545 3304 in
567 3242 673 3305 monte
695 3238 730 3305 in
752 3238 881 3305 ciuitate
894 3237 1078 3307 Bebenberc
1099 3245 1132 3308 et
1154 3241 1223 3308 sine

41 3352 176 3441 querele
206 3359 418 3421 conversatus.
468 3352 595 3421 Preieto
623 3360 730 3421 autem
758 3355 950 3421 monasterio
978 3376 1035 3423 suo
1061 3358 1223 3443 prefuerat

42 3471 139 3539 annis
169 3464 267 3554 octo⁸,
295 3469 511 3537 testimonium
540 3470 659 3537 habens
682 3470 778 3537 etiam
803 3471 843 3537 ab
864 3470 931 3555 his,
960 3472 1014 3557 qni
1035 3473 1114 3540 ioris
1136 3478 1220 3559 eunt,

42 3594 76 3656 et
98 3591 291 3675 prouexerat
312 3591 379 3653 tsm
400 3586 434 3653 iu
458 3587 572 3653 divinis
597 3606 691 3673 quum
713 3588 747 3652 in
768 3586 916 3653 humanis
932 3588 1036 3655 rebus.
1068 3590 1130 3668 Qui
1144 3609 1220 3676 quo·

42 3706 133 3771 niam
157 3703 197 3770 eb
218 3702 284 3787 his,
309 3703 364 3789 qui
387 3722 459 3769 eum
481 3704 592 3769 intime
613 3707 784 3787 noverunt,
806 3703 980 3789 plurimum
1001 3704 1164 3789 laudatur,
1188 3712 1221 3773 et

41 3840 108 3888 non
137 3819 241 3886 solum
269 3819 382 3886 absens
411 3824 461 3887 set
482 3820 578 3886 etiam
600 3820 750 3903 ignorans
772 3819 890 3887 electus
913 3825 975 3904 est,
1006 3826 1038 3887 et
1058 3821 1150 3889 valde
1167 3822 1219 3887 iu·

42 3938 129 4004 ritus
153 3941 187 4005 et
207 3935 380 4023 plurimum
402 3935 540 4003 renitens
564 3934 622 4003 hoo
645 3956 724 4003 onus
748 3935 854 4003 subire
875 3936 1055 4024 compulsus
1077 3942 1140 4020 est,
1164 3937 1219 4003 ad-

43 4053 193 4120 hortante
221 4052 298 4119 setis
327 4052 453 4119 domino
483 4056 591 4118 nostro
619 4073 692 4137 rege
719 4056 752 4119 et
773 4052 857 4119 bona
878 4053 940 4119 sibi
960 4054 1165 4138 promittente
1188 4057 1220 4120 et

44 4168 278 4255 quodammodo
307 4173 452 4253 cogente,
481 4173 589 4235 nostra
618 4188 741 4255 quoque
767 4168 909 4255 parvitas
932 4173 1070 4235 vestrm
1092 4167 1218 4236 eelsitu-
1269 4175 1273 4181 '

44 4286 153 4354 dinem
175 4285 287 4352 intimo
310 4304 421 4369 rogare
443 4304 521 4351 ausu
544 4290 670 4353 sanctae
693 4284 835 4352 caritatis
856 4286 1026 4372 presumit,
1048 4290 1085 4353 ut
1105 4306 1218 4353 sanare

118 4417 143 4472 1.
161 4415 315 4479 Rabotoue.
387 4414 726 4492 corescumbam.
799 4417 825 4477 3.
845 4415 1040 4483 tlte-1150,
