3117 4859
308 201 376 269 320
640 219 789 268 wmsrmr
808 217 995 267 munerun
1015 218 1069 265 ror.
1085 218 1139 265 soa.

221 366 289 431 1149
308 361 514 431 abduxerunt
560 359 649 439 Quod
676 381 747 429 cum
775 360 877 427 adhuc
902 361 937 428 in
959 359 1138 428 Stabulensi
1159 358 1351 427 monasterio
1372 358 1475 446 positi

221 442 284 501 ⁵⁰⁹¹*
308 478 569 563 cognovissemus,
591 477 762 564 plurimum
784 498 822 545 ex
846 477 951 544 animo
973 477 1138 562 doluimus,
1159 478 1299 544 maxime
1311 496 1382 542 cunr
1396 496 1477 563 pre-

307 594 393 663 dicta
413 594 531 661 femina
553 599 585 661 et
607 595 673 663 eius
695 595 834 661 fautores
855 598 1033 682 portatam
1046 599 1164 661 terram
1177 594 1404 681 predicassent,
1428 592 1478 675 iu,

308 710 392 797 quod
412 711 530 777 lactum
552 716 634 796 erat,
664 716 771 779 vestra
792 716 915 795 gestum
936 710 1034 777 luisse
1055 710 1230 793 voluntate3
1253 709 1337 795 quod
1355 730 1419 776 nos
1444 713 1481 776 et

213 844 215 848 ’
308 848 416 895 omnes
438 827 562 895 honesti
583 827 645 895 viri
658 847 856 914 nequaquam
870 827 996 895 credere
1009 827 1179 915 potuimus.
1214 826 1384 913 Siquidem,
1410 825 1479 892 cle-

308 944 502 1012 mentissime
524 964 628 1028 cesar,
649 944 739 1011 iussu
759 950 865 1012 restro
888 964 926 1011 ae
945 943 1061 1010 iudicio
1082 943 1262 1032 principum
1282 946 1480 1027 vestrorum,

308 1080 494 1145 magnorum
521 1061 630 1148 utique
664 1065 696 1129 et
721 1060 894 1128 multorum
919 1060 1073 1146 virorum,
1103 1081 1162 1147 per
1189 1060 1347 1148 privilegii
1371 1060 1481 1127 vestri
1558 1147 1559 1150 Ἴ

309 1176 519 1263 donationem,
538 1198 596 1265 per
611 1178 806 1245 auctoritatis
819 1182 944 1245 ueshae
957 1177 1089 1263 litteras,
1111 1176 1311 1244 Kaminatam
1324 1198 1384 1265 per
1397 1197 1480 1265 pro·

309 1294 415 1380 prium
440 1294 579 1379 legatum
605 1298 745 1362 vestrum
771 1294 987 1379 transmissas,
1020 1292 1275 1361 llaminateusem
1307 1293 1481 1361 ecclesiam

309 1410 507 1478 introivimus
516 1407 533 1496 ¹,
557 1416 589 1478 et
609 1411 701 1479 iuxta
721 1412 863 1499 precepti
883 1411 980 1477 vestri
1001 1415 1143 1477 torrorem
1171 1411 1310 1478 divinam
1329 1409 1376 1478 ibi
1398 1410 1479 1478 reli·

310 1526 444 1612 monem,
461 1528 480 1595 a
493 1526 601 1595 multis
616 1527 759 1614 inpediti,
776 1527 947 1595 reformare
961 1527 1186 1595 inchoavimus.
1219 1526 1278 1595 Illa
1290 1546 1375 1612 vero,
1390 1546 1480 1613 qnae

311 1641 469 1711 abbatissa
491 1644 553 1712 dici
574 1664 633 1711 nec
654 1643 748 1712 debet
768 1664 828 1712 nec
848 1649 962 1731 potest,
985 1665 1043 1731 pro
1067 1665 1103 1711 eo
1126 1644 1214 1731 quoti
1230 1664 1289 1711 nec
1308 1645 1343 1709 in
1357 1644 1481 1711 sancti-

310 1759 479 1827 monialem
499 1781 558 1829 nec
579 1761 613 1827 in
637 1761 829 1829 abbatissam
851 1760 891 1827 ab
912 1759 976 1826 ullo
999 1761 1145 1847 episcopo
1167 1760 1272 1827 velata
1291 1759 1343 1827 rel
1364 1779 1479 1827 couse-

311 1881 398 1943 crata
418 1876 480 1943 fuit
502 1882 534 1945 et
554 1877 757 1965 professionis
783 1897 857 1944 suae
878 1874 1020 1943 habitum
1033 1876 1152 1945 tociens
1166 1878 1201 1943 in
1214 1878 1340 1962 nigrum
1354 1882 1388 1943 et
1401 1896 1479 1943 can-

311 1992 420 2059 didum
440 1998 542 2060 mutat
564 1998 596 2060 et
618 1993 728 2079 abicit,
757 2013 839 2059 anno
865 1993 932 2060 lere
959 1993 1081 2078 integro
1110 1998 1277 2079 autequam
1298 1992 1477 2081 predictum

310 2107 413 2177 locum
434 2110 623 2177 intraremus
644 2130 702 2197 per
723 2110 863 2195 legatum
884 2109 991 2175 domni
1008 2130 1110 2198 papae
1130 2105 1290 2197 deposita'
1305 2116 1337 2179 et
1357 2109 1396 2177 ab
1420 2109 1478 2176 ad-

311 2230 420 2293 uocato
445 2231 482 2293 et
508 2226 766 2295 ministerialibus
788 2226 1063 2295 Kaminateusibus
1092 2227 1131 2293 de
1154 2226 1224 2294 loco
1244 2226 1381 2314 turpiter
1400 2246 1478 2313 pro-

311 2337 419 2427 iecta³,
443 2362 515 2410 cum
536 2344 634 2411 nollet
650 2343 787 2429 obedire,
809 2344 879 2410 luit
970 2343 1176 2431 Quapropter,
1198 2343 1330 2427 genibus
1351 2348 1478 2410 vestrae

311 2459 486 2527 maiestatis
511 2462 617 2528 animo
641 2460 791 2544 advoluti,
813 2459 1012 2527 clementiam
1033 2464 1171 2527 vestram
1192 2459 1352 2527 humiliter
1373 2460 1476 2546 inplo-

311 2597 429 2662 ramus,
444 2582 490 2662 ut,
507 2598 662 2645 memores
677 2587 757 2644 non·
772 2577 864 2664 parvi
879 2575 1021 2661 obsequii
1034 2577 1135 2642 nostri
1150 2581 1182 2644 et
1195 2596 1258 2643 non
1272 2595 1390 2663 parvae
1403 2574 1476 2643 tide*

313 2697 449 2779 nostrae,
472 2713 566 2779 quam
588 2693 677 2761 vobis
701 2698 733 2760 et
747 2713 844 2778 regno
858 2697 962 2761 vostro
979 2691 1135 2759 indefesso
1149 2693 1252 2759 studio
1267 2691 1476 2775 exhibuimus,

314 2828 372 2875 nos
395 2810 435 2877 ab
456 2809 506 2876 his
527 2809 651 2877 iniuriis
675 2809 838 2877 defensare
861 2830 898 2877 ac
919 2814 1082 2897 protegere
1104 2808 1285 2893 dignemini.
1364 2807 1476 2875 Venie-

315 2944 386 2991 mus
408 2945 543 3011 namque
558 2926 599 2993 ad
612 2946 669 2993 vos
684 2927 773 2993 iuxta
790 2931 974 3014 proseptum
987 2931 1128 2994 vestrum
1141 2925 1335 3011 Aquisgrani
1347 2925 1383 2991 iu
1396 2925 1476 2991 nati·

316 3040 413 3109 vitate
435 3038 591 3128 Domini⁴,
614 3047 647 3110 et
669 3043 697 3109 si
718 3042 795 3128 quid
816 3043 967 3110 omissum
988 3047 1037 3110 est
1059 3043 1079 3110 a
1100 3041 1354 3127 Corheiensihus,
1376 3047 1476 3109 totum

316 3156 350 3222 in
372 3158 474 3241 gratia
495 3164 601 3227 vestra
622 3158 806 3226 remanebit

319 3340 406 3414 202.
425 3344 582 3414 Witoldoo
604 3346 785 3413 Heiaricam
811 3347 915 3433 rspice
943 3349 1048 3413 αινίαε
1075 3349 1231 3412 notoriam
1257 3346 1414 3427 bortatur,
1445 3355 1477 3410 nt

427 3456 485 3520 sibi
507 3452 625 3544 afflicto
649 3455 800 3519 comitam
815 3453 913 3541 ferat.
1316 3448 1372 3534 (lb
1389 3451 1475 3530 201.)

187 3604 295 3727 Οιιιὲθν
404 3580 519 3653 Frater
537 3584 725 3670 Wlibaldus)
747 3585 809 3653 Dei
831 3586 933 3670 gratia
953 3584 1002 3671 id,
1026 3586 1109 3671 quod
1131 3589 1178 3652 est
1200 3585 1234 3651 in
1256 3585 1406 3652 aecclesia
1426 3604 1475 3651 ea·

207 3694 219 3727 e
265 3693 279 3726 ο

295 3710 301 3724 “
317 3700 443 3787 thelica,
460 3702 572 3769 dilecto
586 3703 679 3769 fratri
694 3709 726 3770 et
741 3702 841 3769 amico
856 3722 914 3769 suo
929 3700 1101 3787 Hleinrico)
1116 3702 1222 3787 regiae
1237 3702 1342 3769 curiae
1355 3701 1475 3767 nobrio

317 3818 566 3887 benedictionem
588 3824 620 3885 et
641 3820 740 3886 vitam
761 3840 860 3905 usque
881 3818 916 3885 in
939 3817 1086 3885 seculum.

405 3934 586 4002 Eruditioui
606 3939 679 4001 tuae
702 3934 889 4022 aliquotiens
911 3935 1119 4021 iniunximus,
1147 3938 1183 4001 ut
1207 3932 1329 4001 litteras
1353 3938 1475 4001 nostras

318 4050 444 4119 domino
472 4056 580 4119 nostro
605 4051 674 4136 regi
701 4052 903 4118 transmissas
938 4051 977 4118 ad
1010 4051 1141 4119 verbum
1174 4071 1362 4139 exponeres,
1395 4046 1475 4136 qnod

389 4182 410 4216 a
430 4182 476 4215 non
492 4168 584 4215 addidi.

389 4246 414 4301 1.
434 4246 502 4301 1147
517 4245 613 4317 Febr.;
624 4260 652 4301 v.
664 4242 815 4317 chronogr.
828 4245 986 4303 corbeieae.
998 4260 1082 4317 supra
1092 4244 1173 4317 aba.
1230 4246 1258 4302 θ.
1275 4261 1299 4302 c.
1312 4243 1472 4301 Hartlllt

319 4332 528 4391 3.d.151uuii
547 4337 623 4391 1146.
694 4336 720 4391 4.
739 4336 775 4392 25
791 4336 858 4393 Dee
876 4336 952 4392 1149.
