3117 4859
217 395 287 450 1146

207 465 297 516 batto

312 229 358 297 50
441 245 445 252 ·
625 245 929 298 onnosoessrnos
952 245 1172 298 oonsmnrsrs

312 389 411 459 libere
431 391 542 458 saturi
576 389 730 458 Omnibus
753 409 828 473 ergo
850 389 882 456 in
906 389 955 457 his
978 389 1223 458 assenoieutibus
1237 396 1273 456 at
1288 387 1407 456 dietum
1422 391 1478 472 est„

312 507 503 574 conveniunt
531 509 646 574 fratres
674 512 706 574 et
733 506 851 590 oleras,
885 508 1043 593 prinoipes
1072 506 1199 592 qnidam
1226 503 1422 575 beneficiales
1449 509 1480 570 et

312 622 432 691 nobiles
455 624 595 691 eiusdem
616 623 706 708 legis,
729 622 951 690 ministeriales
975 642 1112 708 quoque;
1135 628 1167 690 et
1188 627 1262 710 post
1278 620 1387 705 multa,
1410 625 1479 687 tan·

311 739 385 807 dem
404 739 625 807 universaliter
644 739 684 806 ab
699 739 845 806 omnibus
862 740 931 826 ipse
947 739 1079 806 domnus
1090 736 1293 821 Wlieboldns)
1308 738 1480 824 inpetrem

310 855 534 941 dominumque
556 855 683 940 eligitur
692 851 709 920 ¹.
813 861 816 871 '

398 968 577 1057 Legatarii¹
601 991 675 1056 ergo
703 970 743 1038 de
770 971 921 1039 fretibus
944 977 977 1038 et
997 969 1218 1038 ministeriales
1240 989 1313 1038 oum
1334 967 1482 1037 Brunone

311 1089 472 1174 preposito
492 1088 688 1155 honestiores
704 1087 745 1154 ad
759 1088 905 1154 aooersiri
920 1107 992 1156 eum
1006 1087 1222 1153 instituuntur.
1259 1085 1315 1154 Set
1328 1105 1481 1170 morsum,

310 1203 442 1270 oonsilio
463 1209 601 1289 mubto,
623 1204 714 1271 nobis
737 1209 844 1271 autem
866 1209 898 1270 et
918 1223 999 1290 pene
1021 1202 1165 1270 omnibus
1186 1201 1482 1286 ineonsultantibus,

311 1339 385 1387 oum
409 1323 451 1388 10
471 1321 587 1388 merois
610 1320 754 1388 omnibus
777 1321 945 1408 deputatis,
969 1319 1148 1406 prepositus
1171 1339 1243 1386 oum
1265 1319 1331 1386 suis
1347 1317 1483 1386 eleotum

310 1441 455 1503 noenum
483 1437 597 1523 adivit,
626 1437 735 1504 domni
757 1437 841 1521 regis
863 1436 964 1504 nostri
986 1441 1018 1503 et
1039 1436 1174 1503 fratrum
1195 1441 1320 1502 tantum
1341 1434 1482 1502 litteras·

311 1552 448 1621 advexit.
537 1553 630 1633 Quali
655 1559 761 1620 antem
783 1553 966 1622 habitudine
988 1553 1103 1620 mentis
1126 1552 1315 1639 susoeperit‚
1345 1572 1386 1618 ex
1410 1551 1484 1618 sub-

311 1668 533 1754 sequentibusb
549 1669 674 1754 litteris,
698 1689 776 1756 quas
800 1688 949 1762 quorsum
971 1673 1004 1734 et
1025 1669 1158 1752 miserit,
1180 1668 1287 1753 legens
1310 1673 1343 1736 et
1364 1687 1484 1753 guarin

311 1785 393 1852 seire
414 1786 540 1872 poterit
574 1785 699 1872 ltaque:

257 1935 294 1969 ov.
401 1902 539 1987 „lnolito
561 1899 785 1988 triumphatori
808 1918 845 1966 ao
867 1899 1065 1966 serenissimo
1089 1899 1215 1967 domino
1237 1920 1293 1966 suo
1309 1897 1484 1983 Glonrado)

310 2018 372 2086 Dei
392 2010 496 2102 gratia
513 2018 727 2085 Romanorum
745 2015 931 2103 imperatori
951 2020 1083 2099 augusto
1102 2016 1200 2082 frater
1214 2013 1413 2098 wilbaldus),
1436 2015 1484 2081 di-

310 2135 386 2202 vina
406 2133 623 2202 misericordia
645 2131 841 2200 stabulensis
864 2130 1014 2199 ecelesiae
1034 2152 1154 2216 servus,
1177 2131 1311 2199 salutem
1324 2132 1360 2198 in
1374 2151 1413 2199 eo
1430 2131 1485 2218 qni

310 2251 367 2318 dat
387 2251 523 2318 salntem
543 2245 697 2334 regitur.
765 2247 897 2315 Pietatis
920 2253 1043 2316 vestrae
1064 2248 1198 2332 litteras,
1222 2267 1299 2334 quas
1316 2245 1410 2314 nobis
1426 2267 1485 2333 per

310 2368 507 2455 prepositum
527 2365 708 2432 Brunonem
729 2369 837 2432 vestra
857 2363 1090 2448 magnificentia
1113 2364 1329 2431 transmittere
1351 2363 1485 2447 dignata

310 2489 369 2570 est,
384 2484 569 2571 recepimus.
604 2482 701 2567 Quae,
720 2481 803 2548 siout
816 2481 987 2568 plurimum
1002 2481 1110 2565 gaudi
1124 2486 1156 2548 et
1171 2479 1374 2547 exultationis
1389 2480 1484 2549 nobis

309 2599 511 2668 oontnlernnt
533 2620 572 2666 ex
595 2619 643 2682 eo,
666 2598 751 2684 qnod
771 2598 806 2664 in
828 2602 997 2682 oonspeotu
1018 2598 1192 2664 maiestatis
1206 2601 1330 2664 vestrm
1345 2597 1484 2680 gratiam

309 2722 343 2785 et
370 2715 620 2784 misericordiam
647 2735 705 2782 nos
732 2713 891 2780 invenisse
919 2713 1012 2780 oertis
1041 2713 1328 2800 experimentorum
1355 2713 1485 2780 indioiis

309 2833 523 2917 eognovimus,
545 2833 592 2898 ita
606 2831 741 2898 multum
756 2829 976 2898 sollicitudinis
991 2834 1023 2896 et
1038 2830 1207 2896 anxietatis
1223 2828 1262 2896 de
1275 2849 1372 2896 musa
1385 2849 1485 2915 qnam

309 2949 512 3017 continebant
533 2953 660 3015 nostrae
682 2946 834 3033 parvitati
855 2945 1055 3031 prebuerunt
1091 2946 1253 3032 Siquidem
1269 2946 1485 3030 magnitudini

309 3069 434 3132 resbae
447 3063 567 3150 placuit
581 3062 757 3148 significare
771 3064 873 3147 nobis,
898 3063 980 3150 quod
995 3062 1192 3131 corbeiensis
1208 3062 1340 3130 aedesio
1353 3069 1484 3150 pastore

310 3199 367 3246 suo
388 3179 519 3246 viduata
539 3201 597 3246 nos
619 3181 690 3267 pari
712 3179 867 3247 desiderio
897 3185 929 3246 et
956 3179 1098 3246 unanimi
1125 3198 1278 3246 eonsensu
1299 3179 1335 3244 in
1355 3183 1484 3266 patrem

311 3295 372 3364 sibi
394 3301 427 3362 et
447 3301 607 3382 pastorem
629 3296 807 3363 mmarnm
830 3295 967 3380 elegerit.
1001 3295 1054 3362 Ad
1076 3294 1160 3381 quod
1182 3315 1261 3361 onus
1283 3294 1484 3363 subeundum

309 3431 368 3480 nos
389 3411 526 3497 hortari,
555 3418 587 3480 et
609 3412 734 3480 divinae
756 3411 929 3480 voationis
954 3415 1136 3499 preceptum
1159 3411 1263 3496 sequi,
1292 3417 1399 3479 vestra
1429 3412 1483 3480 be-

309 3527 448 3614 nignitas
470 3549 543 3598 oum
564 3530 670 3615 regiae
692 3529 840 3597 iussionis
857 3527 1042 3596 auctoritate
1055 3527 1236 3596 maturavit
1269 3527 1389 3596 Vemm
1403 3549 1484 3615 quo-

382 3729 402 3762 a
418 3715 510 3763 litteras
526 3733 545 3762 a
608 3715 631 3762 b.
648 3715 813 3776 subquentibus
829 3733 848 3763 ο.

381 3821 407 3876 1.
426 3819 519 3890 itaque
531 3820 577 3876 die
588 3821 624 3875 20
634 3820 694 3877 Oet
721 3819 848 3876 Eundem
865 3819 938 3876 diem
950 3818 1031 3875 eleoti
1043 3817 1166 3876 wibaldi
1183 3818 1292 3875 abbatis
1304 3818 1483 3877 corbeiensis

310 3908 490 3980 intelligimus
508 3925 544 3965 er
560 3909 640 3966 Notis
657 3907 869 3965 stabulensibus
886 3907 958 3964 infra
974 3911 1004 3964 et
1021 3923 1057 3963 ex
1074 3908 1162 3977 ipsius
1180 3907 1303 3964 Wibaldi
1321 3909 1417 3966 tabula
1435 3925 1482 3981 ap.

309 3997 418 4054 Erhard
434 3998 503 4070 Bag.
516 3997 642 4066 Westph.
659 3996 696 4053 11.
714 3997 782 4054 cod.
800 3997 868 4067 dipl.
885 4014 914 4067 p.
927 3997 974 4066 61,
998 3997 1028 4053 iu
1045 3997 1159 4068 quasia
1176 3997 1308 4069 legimus:
1331 3999 1380 4072 „in
1402 4001 1483 4056 anni·

146 4159 150 4177 ⁴
247 4157 251 4163 ¹
309 4088 431 4144 versario
443 4091 536 4143 nostre
548 4085 737 4154 ordinationis,
754 4086 839 4143 idest
852 4087 880 4142 in
892 4085 1040 4156 vigiliaXI
1053 4085 1158 4142 milium
1170 4087 1329 4158 virginum“
1342 4087 1480 4157 (tobati.

311 4173 456 4232 wltreiam
466 4175 570 4231 ibidem
581 4174 654 4231 diem
667 4175 783 4231 eundem
794 4175 1023 4248 „anniversarium
1036 4174 1110 4231 diem
1121 4175 1265 4233 eleotionis
1274 4177 1481 4248 nostra“voost,

310 4270 344 4320 nt
359 4281 423 4321 enm
439 4268 535 4334 pateat
558 4269 676 4333 utroque
699 4263 785 4320 verbo
808 4265 936 4323 eleotio
958 4269 988 4321 et
1010 4264 1190 4323 ordinatio
1215 4267 1289 4324 idem
1312 4265 1480 4340 signifieara.

311 4353 338 4407 2.
356 4353 463 4424 legati.
534 4354 562 4408 3.
578 4353 625 4408 Pe.
638 4353 698 4421 143,
711 4352 754 4407 10.
