3117 4859
3 6 187 187 γ

191 415 261 471 1149

163 489 213 538 oca
222 490 280 537 Nor.

299 250 364 318 318
672 266 823 329 nmium
843 266 1010 318 semrom
1031 262 1085 317 ooo.

299 372 419 477 minata
440 412 472 477 et
492 408 533 475 de
545 406 675 477 Visbiek
697 416 730 478 et
750 412 791 478 de
812 409 1105 479 fluduaoenbmen
1125 408 1267 479 laborem
1287 414 1323 478 et
1340 411 1462 497 isnpeu-

299 546 368 594 sam
395 545 634 595 assumeremus.
678 526 872 596 Presentasti
899 529 995 595 etiam
1016 528 1107 596 nobis
1129 533 1205 595 tuno
1225 527 1349 594 litteras
1371 526 1462 593 amisi

208 707 210 719 ,
299 644 400 711 uestri
426 642 549 709 eomitis
571 640 776 730 Heremauni,
806 664 902 732 quae,
929 650 966 711 ut
987 645 1047 712 hoe
1072 645 1178 732 ipsum
1198 645 1387 728 faeeremm,
1414 643 1464 709 in·

220 3220 278 3281 hug.

298 762 385 833 onte
406 758 636 827 ammonebant.
666 761 710 829 Te
733 762 830 847 igitur
852 760 993 828 omnium
1013 760 1231 829 eonsiliorum·
1247 766 1315 828 tam
1328 760 1363 825 in
1375 759 1464 826 ouria

299 876 406 943 domni
426 876 509 960 regin
531 896 626 962 quam
648 877 744 944 etiam
768 876 853 945 domi
873 878 1018 966 prinoipe
1034 882 1066 945 et
1080 882 1216 962 auotore,
1238 876 1393 962 simulque
1407 894 1464 941 au·

298 992 470 1061 nitentibus
492 1014 565 1060 oum
585 992 723 1060 maximo
744 993 852 1062 farore
873 994 1123 1079 corbeiensibus,
1146 994 1320 1061 sententiae
1340 998 1464 1060 iosuae

299 1110 449 1179 onesimus
472 1115 582 1177 eontra
602 1110 752 1177 iudicium
774 1110 873 1177 enimi
889 1111 1004 1196 nostri3
1028 1110 1145 1198 quippe
1167 1111 1311 1196 quirem
1331 1114 1399 1175 tam
1414 1128 1466 1174 ar·

299 1226 394 1295 dum
414 1230 482 1293 tam
504 1224 663 1294 diffieilem
683 1230 751 1293 tam
771 1232 1045 1314 presumptuosam
1067 1226 1194 1312 aggredi
1207 1225 1465 1309 formidabamus,

299 1364 363 1411 nou
389 1343 492 1428 ignari
513 1361 572 1411 neo
592 1342 764 1429 inexperti,
796 1348 914 1431 quanta
933 1343 1174 1431 impedimenta,
1203 1348 1339 1429 quantae
1360 1346 1465 1409 muta·

298 1461 400 1529 tiones
421 1459 536 1527 tahbus
558 1458 651 1527 rebus
673 1464 803 1547 possent
823 1460 973 1528 aoeidere.
1008 1459 1052 1526 Et
1073 1459 1239 1545 eredimus,
1262 1457 1346 1544 quod
1359 1457 1464 1525 zelum

298 1576 360 1644 Dei
381 1575 526 1644 habueris
553 1580 586 1643 et
612 1576 646 1642 iu
668 1575 727 1643 hoo
748 1596 843 1663 opere
864 1577 1076 1664 promovendo
1097 1596 1216 1664 pronus
1238 1594 1275 1643 ae
1295 1574 1464 1642 vehemens

299 1676 396 1761 fueris
423 1712 487 1760 non
514 1692 616 1761 solum
642 1712 700 1781 pro
727 1691 861 1760 delenda
890 1693 1075 1760 enormitate
1101 1692 1285 1776 mulierum,
1313 1712 1393 1777 quae
1420 1690 1465 1758 ibi

299 1807 493 1893 habitabant,
515 1811 564 1875 set
585 1808 680 1875 etiam
695 1828 753 1895 pro
769 1813 935 1893 augmento
950 1807 1146 1876 Corbeieneis
1162 1808 1320 1876 ambasiae.
1345 1806 1466 1876 Verum

300 1924 334 1991 iu
362 1929 494 2012 quantas
522 1925 682 2009 miserias,
709 1926 743 1991 in
771 1930 904 2012 quantas
926 1925 1107 1993 vexationes
1136 1926 1235 1992 animi
1260 1930 1293 1992 et
1313 1923 1466 2011 eorporis,

299 2039 334 2108 in
362 2046 481 2128 quanta
504 2061 610 2108 rerum
632 2046 812 2109 nostrarum
833 2041 1022 2109 detrimenta
1042 2062 1099 2129 per
1120 2042 1180 2109 hoo
1200 2040 1366 2109 eonsilium
1386 2040 1466 2107 inei·

300 2156 449 2243 derimus,
471 2178 536 2224 non
557 2158 659 2225 solum
680 2162 735 2225 tua
755 2156 974 2243 intelligentia,
998 2178 1077 2245 qnae
1098 2158 1192 2225 rebus
1212 2158 1391 2245 propinqua
1405 2162 1466 2241 est,

301 2280 350 2341 set
377 2274 472 2342 etiam
500 2278 567 2341 tota
594 2274 684 2358 regni
706 2274 891 2341 Theutouioi
919 2274 1106 2342 universitas
1134 2272 1270 2342 elamore
1291 2294 1387 2361 super
1407 2292 1466 2339 nos

301 2390 510 2457 famosissimo
533 2391 685 2475 coguovit.
774 2390 819 2457 Et
839 2410 937 2476 nono,
968 2390 1116 2478 quoniam
1138 2391 1178 2458 ad
1205 2391 1325 2458 endam
1346 2389 1467 2456 domini

300 2507 402 2575 nostri
423 2507 506 2591 regis
528 2507 663 2575 hansire
686 2511 718 2575 et
738 2512 848 2574 nostra
865 2510 962 2575 etiam
976 2508 1103 2592 negotia
1117 2528 1209 2592 agere
1222 2506 1371 2591 intendis,
1393 2504 1467 2573 fidei

303 2643 339 2690 ao
366 2623 500 2691 bonitati
527 2628 600 2691 tuae
627 2624 749 2691 intenta
777 2624 943 2691 devotione
970 2623 1210 2708 committimus,
1243 2629 1280 2690 ot
1306 2624 1352 2690 sio
1380 2642 1465 2707 agae,

302 2739 563 2827 quemadmodum
591 2739 681 2807 deoet
707 2740 811 2807 virum
837 2739 1019 2824 religiosum
1046 2745 1078 2807 et
1105 2740 1288 2824 honestum,
1318 2740 1466 2825 quatinus

301 2855 391 2923 nobis
413 2857 509 2923 noxia
530 2862 652 2941 ennete,
674 2855 742 2923 Deo
760 2859 931 2943 prestante,
954 2856 1138 2923 submoveas
1154 2856 1241 2923 etad
1255 2855 1468 2924 omnianobis

300 2972 466 3059 profutura
487 2972 682 3057 diligentium
705 2972 862 3040 adhibeas.
934 2972 999 3039 Nos
1022 2972 1061 3039 de
1083 2972 1186 3056 gratia
1206 2977 1237 3039 et
1252 2970 1469 3039 miserioordia

302 3089 409 3156 domni
429 3090 513 3174 regis
536 3088 653 3175 absque
674 3088 738 3155 ullo
761 3088 965 3156 dubitationis
987 3088 1133 3176 scrupulo
1156 3088 1351 3174 confidimus,
1374 3094 1408 3156 et
1428 3088 1468 3155 ab

301 3204 371 3293 ipso
398 3204 432 3270 in
461 3205 548 3271 euna
575 3226 632 3272 ena
656 3204 893 3272 Fraukenevort
919 3224 992 3271 eum
1018 3225 1132 3290 magno
1160 3206 1278 3273 honore
1305 3204 1409 3272 habiti
1437 3209 1470 3271 et

303 3339 375 3388 oum
402 3340 517 3405 magna
544 3320 703 3389 hilaritate
730 3321 853 3388 dimissi
879 3320 1012 3407 fuimus,
1040 3321 1119 3388 inssi
1140 3322 1248 3389 uenire
1274 3320 1315 3387 ad
1337 3321 1468 3403 ousiam,

227 3498 233 3513 ,
304 3457 384 3524 quae
410 3436 517 3504 futura
545 3442 593 3505 est
614 3437 808 3523 Aquisgrani
834 3438 869 3504 in
894 3438 1039 3524 proxima
1060 3438 1226 3505 nativitate
1248 3436 1379 3504 Domini
1388 3433 1406 3522 ¹,
1433 3440 1470 3502 ut

303 3552 348 3620 ibi
370 3551 409 3621 de
432 3552 599 3621 obtinenda
620 3554 771 3623 aeeclesia
793 3554 831 3621 de
853 3552 984 3621 Visbiek
1004 3553 1188 3620 mandatum
1210 3553 1310 3641 ipsius
1333 3554 1468 3640 aeoipia·

303 3688 383 3737 mus.
473 3669 653 3756 Caeterum,
678 3670 776 3737 irater
796 3670 974 3755 karissime,
1000 3690 1057 3737 uos
1078 3669 1218 3737 laborem
1239 3668 1331 3736 illum
1352 3690 1469 3757 nequa·

271 3864 273 3869 A
305 3806 399 3872 quam
422 3804 580 3854 assumere
601 3786 761 3872 volumus,
784 3786 860 3873 quia
881 3791 912 3853 et
933 3786 1073 3854 thesauri
1095 3786 1243 3854 eeclesiae
1264 3792 1393 3853 nostrae
1416 3806 1469 3853 ex-

304 3902 410 3970 hausti
439 3908 513 3969 sunt
540 3908 571 3971 et
597 3908 664 4009 tam
686 3902 858 3971 Mmdensis
887 3898 1070 3991 episeopus¹
1099 3923 1192 3988 qnam
1215 3923 1323 3970 omnes
1346 3898 1470 3971 cleriei⁸

305 4019 396 4087 nobis
417 4019 452 4086 in
472 4018 532 4087 hoo
554 4020 749 4087 amarissime
764 4019 991 4087 eenhadiount
1063 4019 1132 4087 Hoo
1146 4040 1268 4107 qnoque
1283 4020 1470 4106 benignitati

305 4139 395 4222 tuae,
424 4134 505 4203 siem
533 4137 572 4205 de
599 4142 631 4205 te
653 4136 854 4223 confidimus,
883 4136 1064 4203 intimatum
1087 4140 1180 4224 atque
1201 4136 1379 4206 iniondom
1401 4156 1470 4206 esse

377 4300 398 4334 a.
413 4288 542 4337 mirorum
556 4288 668 4337 caeduae
682 4288 776 4337 uidetur.

378 4373 404 4429 1.
422 4373 492 4429 1149
509 4374 577 4431 Deo.
589 4374 633 4431 25.
656 4372 698 4431 Oi.
711 4389 755 4447 ep.
768 4374 819 4430 191
836 4390 866 4445 p.
877 4375 940 4431 301.
1001 4376 1028 4431 2.
1046 4374 1202 4432 Hemrieus
1257 4376 1285 4431 3.
1302 4374 1466 4432 lindam
