3117 4859
420 304 569 355 wnormr
589 302 754 357 nemnem
776 304 830 354 rer.
1143 286 1210 357 415

131 442 275 532 lidori
291 444 474 535 Godeboidi
496 448 604 519 dilecti
625 450 733 517 fratris
755 448 866 534 nostri,
890 448 974 517 uitae
994 448 1210 517 innocentiam
1263 453 1334 510 1150

51 562 192 631 ettotiue
213 562 341 633 habitus
362 565 412 633 sni
434 566 654 635 rectitudinem
668 571 794 637 rosnae
813 565 1011 633 discretionis
1025 566 1154 634 auribus
1169 586 1209 633 ex
1228 530 1366 651 efflem-

50 679 184 748 rsritatie
206 682 421 770 experimento
435 683 598 753 medicari
611 704 789 771 possumus.
822 684 868 751 Et
881 684 921 751 de
936 684 1119 771 importuna
1134 702 1209 768 que-

49 795 186 884 rimonia,
213 818 308 886 quam
330 799 480 869 adversus
503 822 576 870 eum
596 800 798 869 Everhardus
818 799 975 887 presbiter
996 800 1037 868 de
1058 799 1210 867 Hemerin

48 911 157 983 iniuste
179 917 332 1005 suscepit,
360 916 460 986 multo
481 918 631 987 libentius
654 922 687 987 et
707 917 832 1005 plenius
854 917 1016 986 vobiscum
1037 917 1112 985 viva
1132 935 1209 983 voce

49 1050 136 1116 quam
150 1051 209 1119 per
222 1034 342 1122 scripta
355 1038 526 1103 tractatum
540 1034 737 1120 haberemus,
759 1034 890 1102 siloem
905 1040 938 1103 et
951 1040 1076 1121 tempus
1091 1034 1209 1101 mutuis

47 1148 144 1217 verbis
172 1152 442 1221 accommodatum
468 1152 590 1221 inisset
624 1152 774 1233 Quotiens
803 1152 889 1220 enim
915 1152 1075 1239 predictus
1096 1150 1209 1233 Eber-

47 1263 168 1350 indus)
191 1268 348 1356 presbiter
376 1290 396 1337 a
418 1270 532 1339 domno
559 1290 645 1359 papa
665 1270 789 1337 litteras
811 1269 903 1337 nobis
925 1268 1121 1355 apportavit,
1150 1286 1209 1335 nos

46 1384 144 1469 parati
156 1384 275 1453 fuimns
290 1386 320 1455 ei
333 1386 492 1455 iusticiam
506 1388 619 1455 iacere.
639 1386 684 1455 Et
696 1387 849 1472 magister
862 1384 1087 1468 G(odeboldus)
1102 1402 1209 1452 eoram

46 1499 130 1569 nobie
152 1506 185 1571 et
205 1507 274 1571 totu
294 1502 451 1573 biindensi
478 1504 630 1573 aeeclesia
657 1524 746 1571 snum
773 1503 1033 1591 expurgationem
1060 1502 1209 1569 canonice

47 1614 162 1704 obtolit,
186 1620 270 1706 quod
291 1640 350 1689 neo
367 1642 426 1709 per
446 1642 480 1689 se
494 1640 553 1689 nec
566 1641 624 1709 per
639 1620 823 1687 summissas
845 1640 997 1707 personas
1018 1618 1104 1686 illins
1127 1619 1209 1686 bona

46 1752 177 1821 unquam
199 1736 396 1825 diripuisset3
419 1743 452 1807 et
471 1737 531 1805 boo
553 1759 593 1807 ex
615 1742 723 1805 nostro
745 1737 927 1805 testimonio
950 1741 1072 1805 certum
1093 1736 1208 1803 babea-

46 1850 92 1936 tis,
114 1852 199 1939 quod
220 1854 353 1923 eandem
375 1855 636 1943 expurgationem
658 1874 765 1923 coram
781 1855 897 1923 domno
911 1874 997 1943 papa
1009 1853 1076 1921 iam
1089 1853 1209 1921 dudum

46 1967 219 2057 obtulisset,
249 1972 277 2039 si
304 1973 470 2041 continnae
499 1971 692 2040 infirmitatis
714 1970 915 2039 imbecillitas
936 1990 1002 2038 non
1024 1970 1206 2039 obstitisset

45 2082 146 2174 Nuper
159 2107 247 2173 vero,
262 2088 379 2157 auditis
393 2089 509 2158 litteris
519 2090 628 2157 domni
642 2084 772 2177 papae¹‚
789 2109 867 2174 qnos
882 2087 964 2155 idem
981 2086 1207 2170 E(verherdns)

46 2202 154 2289 attulit,
178 2209 213 2273 et
232 2211 356 2275 vennae
379 2208 558 2275 serenitatis
573 2205 817 2275 commonitione
833 2201 1064 2293 superaddita¹,
1087 2208 1124 2271 ut
1144 2223 1209 2291 pax

47 2318 163 2389 dinis
185 2320 303 2391 laboris
327 2325 368 2391 ad
388 2326 624 2413 prenominatus
646 2325 828 2412 perveniret
848 2342 1011 2410 personas,
1033 2320 1208 2408 presbitero

45 2434 245 2524 Etverberdo)
278 2442 343 2508 tria
368 2440 505 2509 talentu·
532 2462 590 2529 pro
624 2462 730 2510 amore
764 2444 797 2507 et
829 2439 934 2526 quiete
965 2438 1075 2505 framis
1108 2437 1209 2504 nostri
1295 2442 1303 2453 “

46 2550 238 2640 (itodeboldi)
253 2558 433 2645 persoluere
447 2558 614 2643 voluimus,
630 2563 662 2625 et
677 2557 715 2625 de
731 2556 803 2623 aliie
817 2556 972 2644 personis,
988 2574 1008 2621 a
1022 2554 1135 2641 quibus
1151 2574 1210 2620 sua

46 2666 120 2739 bona
141 2676 346 2762 conqueritur
360 2676 521 2759 dismanta,
545 2673 809 2742 eccelesiasticam
825 2692 882 2740 nos
898 2674 1036 2739 facturos
1049 2672 1209 2739 iusticiam

45 2791 257 2876 promisimus3
281 2813 321 2861 ex
344 2792 457 2880 quibus
480 2790 600 2859 nullam
622 2796 746 2879 partem
768 2809 827 2878 pro
849 2789 981 2857 consilio
1002 2794 1111 2857 nostro
1134 2808 1208 2855 oon-

45 2904 157 2993 ingere
180 2908 290 2994 uoluit,
313 2914 363 2977 set
382 2910 520 2997 repetita
534 2908 731 2997 querimonia
744 2907 829 2975 sedis
844 2905 1035 2993 apostolieae
1048 2906 1208 2973 iusticiam

45 3042 75 3090 se
95 3025 309 3114 expetiturum
331 3025 510 3095 affirmavit
546 3024 602 3093 Set
616 3025 691 3111 quia
705 3024 795 3112 pacis
815 3025 891 3093 estis
913 3028 1036 3091 amator
1058 3028 1090 3091 et
1111 3042 1208 3111 super

44 3138 178 3210 baterna
199 3140 383 3210 infirmitate
411 3142 606 3229 misericors,
634 3147 759 3211 vestrae
786 3142 973 3230 prudentiae
1000 3139 1206 3227 supplicando

45 3259 273 3346 committimus,
296 3264 333 3327 ut
352 3260 450 3328 totins
473 3260 704 3328 controversiae
725 3259 885 3327 tmbinem
905 3278 964 3346 per
978 3278 1035 3325 vos
1051 3262 1085 3325 et
1097 3261 1207 3324 nostra

44 3376 194 3460 parvitate
214 3376 374 3445 mediante
400 3378 572 3445 terminare
600 3376 768 3444 studeatis:
797 3380 834 3443 ut
855 3374 1004 3443 videlicet
1028 3374 1208 3461 predictum

44 3486 280 3577 E(verbardum)
295 3493 399 3563 verbis
413 3494 529 3562 vestris
546 3494 688 3561 districte
711 3491 938 3561 commonitum
960 3491 1000 3558 ud
1022 3512 1081 3559 nos
1103 3492 1207 3559 redire

44 3604 182 3697 hbeadu
204 3615 250 3696 ut
273 3610 415 3699 deposito
430 3610 548 3696 labore,
570 3611 713 3698 prefatae
729 3608 945 3679 conventionis
966 3608 1105 3677 froctnm
1125 3609 1207 3676 reci·

43 3723 105 3807 piat
126 3730 158 3795 et
180 3727 220 3795 de
241 3731 362 3813 cetero,
391 3727 491 3796 sivir
518 3727 618 3796 bonus
645 3726 758 3813 fuerit,
788 3727 824 3793 in
849 3746 929 3815 pace
957 3746 1016 3793 soa
1034 3724 1205 3815 possideat

45 3834 126 3917 Quod
146 3844 176 3911 si
196 3841 267 3913 fieri
281 3864 345 3913 non
360 3850 474 3932 potest,
496 3846 531 3911 in
544 3844 604 3913 boc
617 3842 793 3911 biindensis
809 3842 963 3912 aecclesia
978 3848 1103 3911 vestrm
1125 3841 1206 3908 cari-

45 3956 112 4025 uois
134 3961 252 4029 sentiat
265 3960 422 4047 affectum,
444 3966 481 4029 nt
501 3962 586 4050 apud
600 3960 751 4029 domnum
765 3980 882 4049 papam
896 3964 1040 4027 nostrum
1055 3958 1205 4027 dilectum

45 4066 137 4143 filium
157 4077 345 4163 mugistrum
362 4076 604 4163 Gtodeboldnm)
627 4097 777 4147 excusare
799 4078 961 4162 satagetis,
983 4075 1077 4144 etde
1098 4074 1204 4161 sepius

46 4192 181 4278 repetitis
196 4195 401 4282 querimoniis
417 4196 468 4264 sui
482 4194 656 4265 adversarii
671 4196 700 4265 ei
714 4214 826 4284 paoem
839 4212 1028 4281 componere
1040 4191 1203 4261 studeatis

148 4318 193 4367 ur

109 4330 133 4450 ἶ
151 4338 261 4467 mettid
278 4414 363 4471 supra
379 4415 407 4470 p.
419 4400 482 4457 896.
552 4402 579 4456 2.
597 4414 642 4470 ep.
654 4398 708 4455 ato
725 4413 810 4469 supra
826 4414 854 4468 p.
865 4396 928 4453 402.

512 4534 724 4549 *—
