3117 4859
330 259 394 326 194
656 276 804 326 wmmnr
825 277 1011 327 nrmwusr
1033 277 1172 326 ιιι-111.

193 486 197 493 .
233 414 309 481 '1148
326 425 359 488 et
385 419 555 487 clementer
581 420 759 509 respondit,
796 426 829 487 ct
855 421 1027 508 plurimum
1054 423 1169 491 vestris
1197 421 1426 491 calamitatibus
1450 443 1484 489 cr

326 537 431 604 animo
458 536 634 623 condoluit,
662 538 865 626 promittens,
896 558 930 606 se
957 543 1061 605 totum
1086 543 1120 605 et
1140 559 1192 605 res
1214 560 1287 607 suas
1309 560 1369 627 pro
1390 545 1486 606 restra

323 653 509 721 liberatione
532 660 563 721 et
584 674 760 742 pauperum
781 661 968 739 uestrorum,
992 655 1114 743 siopus
1136 656 1242 740 luerit,
1265 657 1439 743 positurum
1458 663 1486 721 et

219 798 225 815 ·
325 790 364 838 ex
386 776 491 839 vestro
513 771 714 858 potissimum
736 772 868 839 consilio
890 794 959 840 rem
981 792 1107 841 omnem
1127 777 1346 839 tractmurum

329 983 414 1055 119.
437 988 596 1055 Wbaldce
612 988 649 1055 G.
664 990 825 1081 confinem
847 987 998 1070 bonoim,
1021 999 1057 1054 ut
1076 1001 1217 1078 succepto
1234 1012 1332 1077 opero
1341 990 1489 1081 perficere

427 1103 565 1193 festinet.
1333 1102 1390 1185 (bl
1409 1104 1490 1184 100.)

234 1252 305 1309 1148
411 1234 523 1305 Frater
540 1235 724 1320 Wtibaldus)
747 1236 809 1305 Dei
835 1238 938 1322 gratia
959 1238 1008 1321 id,
1037 1238 1120 1325 quod
1143 1244 1191 1305 est
1211 1240 1247 1305 in
1268 1236 1425 1307 aecclesia
1444 1258 1491 1306 cu·

322 1352 447 1439 thelica,
472 1354 585 1421 dilecto
607 1353 673 1421 filio
696 1374 751 1421 suu
775 1352 813 1420 G.
832 1353 954 1421 aurifici
976 1354 1110 1446 salutem
1132 1358 1164 1421 et
1186 1353 1446 1423 benedictionem

412 1470 523 1539 Solent
549 1470 691 1538 homines
722 1471 799 1538 artis
829 1478 902 1539 tuae
927 1472 1122 1557 frequentius
1144 1491 1209 1539 non
1230 1471 1402 1540 observare
1423 1491 1491 1559 pro·

260 1622 266 1641 ι
322 1588 429 1673 musa,
451 1588 527 1654 dum
549 1587 643 1674 plura
665 1588 706 1654 ad
728 1589 923 1675 operandum
944 1588 1111 1676 recipiunt,
1135 1608 1230 1673 quam
1252 1587 1407 1675 perlicere
1424 1608 1493 1676 pos-

322 1710 410 1787 suut3
434 1705 527 1772 radix
549 1706 690 1771 omnium
713 1704 869 1772 malorum
891 1705 1057 1792 cupiditas.
1092 1704 1148 1773 Set
1168 1710 1260 1771 tuum
1280 1705 1389 1773 nobile
1411 1706 1494 1790 inge·

321 1823 425 1907 nium,
454 1827 528 1888 tuae
555 1821 675 1889 aleones
698 1828 731 1889 et
751 1820 891 1891 illustres
912 1842 1025 1889 manus
1048 1841 1174 1889 omnem
1195 1820 1294 1889 falsae
1315 1821 1494 1909 sponsionis

322 1943 429 2004 notam
453 1937 610 2022 effugient.
645 1938 759 2005 Artem
780 1943 868 2006 tuam
890 1937 968 2006 fides
991 1938 1203 2023 commendet,
1226 1958 1306 2025 opus
1327 1943 1424 2005 tuum
1443 1958 1494 2007 ue-

321 2054 400 2121 ritas
417 2054 611 2147 comitetur,
646 2056 773 2141 sponsio
803 2062 859 2122 tua
886 2054 1030 2123 effectum
1057 2056 1213 2139 obtineat,
1242 2054 1415 2140 promissio
1443 2062 1494 2121 tua

321 2170 457 2256 tempori
479 2170 677 2256 respondeat.
712 2170 755 2238 Et
777 2171 855 2239 bueo
877 2174 1003 2258 quidem
1024 2171 1063 2239 de
1078 2171 1228 2258 promissi
1241 2170 1289 2237 tui
1303 2170 1494 2256 obligatione

323 2285 521 2353 admonenda
548 2287 746 2373 putavimus,
774 2289 923 2373 qnoniam
950 2290 989 2355 de
1018 2286 1089 2355 dolo
1118 2293 1151 2355 ct
1171 2286 1310 2355 falsitate
1332 2287 1426 2356 nulla
1446 2308 1494 2355 su·

226 2472 230 2479 ,
322 2402 421 2489 spicio
451 2408 499 2469 est
524 2404 559 2469 in
587 2408 653 2469 tam
682 2403 835 2488 elegantis
863 2406 982 2490 ingenii
1008 2404 1176 2473 domicilio.
1211 2403 1370 2483 Quorsum
1399 2404 1493 2473 baec?

322 2515 477 2586 Videlicet
511 2524 547 2585 ut
580 2520 727 2607 operibus
755 2523 887 2606 nostris,
923 2542 1003 2608 quac
1031 2522 1090 2589 tibi
1116 2521 1260 2589 iacienda
1285 2521 1493 2604 iniunximus,

322 2632 462 2700 studiose
483 2635 621 2721 insistes,
645 2656 703 2705 nec
726 2636 833 2723 aliqua
853 2638 982 2705 interim
997 2660 1149 2723 msumas,
1172 2659 1252 2725 quae
1265 2638 1494 2725 perlectionem

321 2754 502 2818 nostrorum
528 2753 713 2839 impediant.
748 2754 833 2840 Seis,
861 2776 919 2822 nos
948 2776 1018 2823 esse
1046 2754 1200 2823 currentis
1222 2760 1255 2822 et
1276 2754 1391 2823 celeris
1414 2755 1494 2823 desi·

322 2866 417 2950 derii3
450 2874 482 2935 et
503 2869 551 2953 id,
580 2870 664 2955 quod
685 2870 846 2957 uolumus,
875 2873 985 2940 statim
1006 2871 1160 2941 uolumus.
1195 2871 1315 2939 Senem
1336 2870 1378 2939 de
1401 2872 1494 2941 bene·

320 2982 416 3050 iioiis:
447 2987 506 3051 Bu
529 2989 597 3069 dut,
628 2991 682 3077 pos·
704 2993 762 3054 cito
786 2991 849 3055 dot.
939 2989 1076 3058 Posthac
1097 2990 1157 3057 tibi
1176 2988 1332 3076 profisius
1355 2989 1494 3057 scribere

320 3100 512 3169 intendimus
543 3101 581 3169 de
609 3122 685 3169 cura
712 3108 745 3171 et
771 3106 952 3192 provisione
974 3107 1085 3174 domus
1107 3112 1196 3189 tuae,
1224 3105 1264 3172 de
1284 3106 1443 3189 regimine
1463 3111 1494 3172 et

321 3217 517 3285 ordinatione
545 3218 684 3287 familiae
711 3224 799 3306 tuae,
828 3222 868 3289 de
896 3222 1114 3296 observatione
1139 3227 1172 3290 et
1193 3219 1362 3309 disciplina
1384 3221 1493 3289 uxoris

320 3338 402 3401 turae.
438 3332 524 3403 Vale.

324 3546 410 3619 120.
433 3551 471 3618 G.
490 3552 616 3641 coryco
634 3553 775 3621 Wibaldo
793 3557 966 3643 respondet,
991 3566 1118 3642 occepta
1126 3555 1264 3642 peccunia
1277 3577 1310 3619 se
1324 3576 1426 3641 opem
1441 3577 1491 3620 ac·

431 3669 635 3735 coloratorum
658 3694 729 3735 eece.
1327 3667 1384 3750 (Μ,
1405 3669 1491 3751 101.)

232 3816 301 3872 1148
408 3800 545 3869 Domino
569 3824 625 3870 suo
644 3801 812 3886 Wtibuldo)
827 3802 888 3871 Dei
908 3804 1013 3888 gratia
1027 3802 1262 3871 Stabulensium
1274 3807 1308 3871 et
1321 3802 1491 3872 Corbulon-

319 3918 402 3985 sium
425 3919 532 3987 abbati
554 3940 629 3987 suus
653 3918 689 3987 G.
707 3920 842 3987 salutem
865 3923 897 3987 et
919 3919 1060 3988 debitum
1081 3921 1254 3989 seruitium.

408 4035 529 4103 Monita
551 4040 616 4121 tua,
641 4057 680 4104 ex
702 4037 932 4105 benivolentiae
954 4041 986 4103 et
1003 4036 1177 4123 sapientiae
1191 4037 1340 4105 thesauro
1354 4037 1488 4125 prolata,

317 4158 386 4221 tum
408 4153 541 4221 iocunde
563 4158 633 4221 tum
654 4154 853 4242 disciplinate
876 4154 1018 4240 suscepi3
1041 4172 1102 4241 que
1116 4154 1265 4221 nimirum
1283 4153 1489 4241 acceptabilis

318 4275 384 4337 tam
407 4292 514 4338 rerum
537 4270 624 4338 utilis
648 4268 787 4355 gravitas
807 4292 902 4359 qnam
917 4270 1072 4338 mittentis
1087 4271 1162 4337 iecit
1176 4271 1355 4338 auotoritas.
1390 4270 1488 4357 Igitur

317 4389 488 4457 memoriae
512 4388 660 4455 mundavi
683 4393 714 4454 et
737 4389 828 4473 quasi
849 4388 908 4455 sub
931 4409 1003 4456 scra
1025 4388 1161 4475 reposui,
1184 4393 1285 4455 artem
1306 4406 1411 4456 meam
1426 4384 1486 4452 lide

127 4501 216 4527 ΑΙ
