3117 4859
363 204 430 273 390
701 222 851 271 wmaunr
871 220 1059 271 memnonis
1079 220 1133 268 asa
1148 219 1202 269 ass

276 369 346 430 1150
363 375 542 435 servamus·
555 348 593 431 in
611 363 719 447 oorde;
742 382 853 451 paoem
871 362 1074 449 quesivimus,
1095 382 1208 451 paoem
1223 364 1407 450 quaerimus.
1431 362 1507 431 Nullo

363 504 418 551 vos
429 481 612 569 gravamine
627 481 845 565 gravavimus3
861 480 944 547 unde
958 501 1017 548 neo
1032 480 1244 568 appellatione
1254 481 1438 565 indiguistis
1455 479 1509 559 oa

363 601 390 669 si
412 597 642 685 indigueritisl,
664 618 728 666 non
750 604 895 667 verentes
918 597 1094 685 appellasse
1115 598 1285 686 poteratis,
1307 602 1395 665 tanto
1415 597 1510 684 quippe

363 722 557 787 armatorum
580 716 671 783 onnio
695 715 848 802 stipatus,
870 719 994 781 utnon
1014 713 1107 781 laoile
1129 715 1281 783 sederetis
1304 714 1400 783 etiarn
1417 733 1511 801 propo
1544 759 1545 796 3

362 835 451 903 tenti
495 832 614 901 Verum
641 853 700 901 neo
728 837 890 901 armatura
915 851 975 918 pro
1004 831 1185 899 defensioue
1211 832 1429 920 appellationis
1446 831 1512 897 iudi·
1544 825 1545 898 l

362 952 490 1037 quistis3
522 950 611 1036 qnia,
641 948 717 1017 lieet
737 949 798 1015 hoo
818 968 875 1017 ros
897 947 1025 1033 dicatis,
1051 967 1116 1015 non
1137 947 1240 1016 solent
1259 950 1364 1017 nostri
1384 947 1513 1015 detristi
1544 941 1545 972 ³

236 1062 241 1071 ’
362 1068 476 1155 gladiis
499 1066 538 1135 de
561 1064 840 1154 appellationibus,
867 1085 947 1151 quae
970 1064 1011 1133 ad
1032 1065 1182 1133 domnum
1202 1086 1322 1154 papam
1343 1063 1431 1150 fiunt
1449 1064 1513 1131 iudi

362 1205 444 1253 oure.
474 1182 564 1252 Laioi
587 1183 681 1250 duces
695 1181 785 1249 serbi
806 1182 908 1248 nostri
929 1201 988 1249 neo
1009 1187 1084 1249 sunt
1103 1202 1162 1249 neo
1178 1182 1320 1265 fuerunt3
1343 1180 1514 1249 neoinimid

362 1302 461 1371 vestri
482 1300 602 1368 iudices
626 1299 808 1383 extiterunt,
834 1300 1003 1385 presertim
1025 1318 1097 1364 oum
1119 1297 1242 1366 nullum
1263 1298 1308 1366 ibi
1330 1300 1428 1367 fuerit
1446 1298 1514 1365 exli

363 1420 465 1487 bitum
487 1416 655 1500 iuditium,
678 1420 727 1483 set
747 1418 872 1482 tantum
895 1414 934 1482 de
955 1434 1035 1504 paee
1055 1415 1272 1504 oomponenda
1291 1416 1456 1484 eonsilium
1472 1415 1513 1482 ln

363 1534 474 1603 bitum.
502 1532 612 1599 Nostri
626 1532 779 1618 homines,
795 1533 898 1601 nostn
910 1532 1123 1621 parroohiani,
1146 1533 1236 1601 vobis
1251 1534 1293 1600 ad
1306 1555 1367 1602 nos
1381 1532 1513 1601 salut
1544 1515 1545 1606 l

363 1650 433 1736 bns,
456 1650 485 1717 si
498 1668 668 1737 personae
664 1670 721 1718 res
723 1654 802 1735 trae,
827 1672 855 1718 sr
845 1651 964 1719 rebus
978 1651 1093 1719 restris
1107 1670 1222 1719 nooere
1239 1651 1418 1737 voluerunt,
1436 1655 1514 1718 testu

363 1768 478 1851 Deum,
501 1766 576 1852 quia
589 1767 740 1854 penitus
730 1767 886 1853 ignorari
915 1766 1112 1837 Conductum
1125 1773 1279 1855 nostrum,
1294 1766 1513 1857 sieutpoposs'e
1544 1743 1545 1838 l

363 1885 448 1969 stis⁰,
460 1883 639 1967 transmisi3
652 1889 684 1951 et
701 1885 776 1970 quia
791 1905 829 1951 ea
842 1884 894 1953 die
908 1886 1073 1953 terminari
1083 1865 1545 1973 oausanonpotuitornnibro
1544 1925 1545 1980 l

363 2001 405 2069 ad
420 2020 478 2068 sua
491 2020 633 2069 remeare
650 2000 838 2087 volentibus,
860 2022 938 2087 quos
957 2002 1079 2069 tardior
1098 2002 1178 2071 hora
1195 2008 1400 2091 protraxerat
1417 1999 1514 2091 prelrr
1544 2009 1545 2032 ³

364 2118 416 2187 die
431 2118 601 2188 seeundum
616 2116 770 2205 planitum
785 2118 949 2204 utriusque
963 2119 1076 2205 partis,
1099 2140 1162 2206 qua
1176 2120 1254 2189 item
1272 2120 1313 2188 ad
1326 2140 1437 2209 paoem
1448 2138 1513 2185 eon

364 2236 543 2323 ponendam
558 2236 806 2321 conveniremus,
827 2254 900 2302 oum
915 2235 1071 2303 oonduotu
1083 2241 1192 2305 nostro
1206 2238 1241 2303 in
1254 2256 1335 2325 paee
1349 2258 1406 2305 vos
1420 2235 1512 2303 dimisi

364 2352 500 2423 Iniuriae
523 2356 556 2419 et
577 2352 715 2440 dampna
736 2372 796 2421 neo
816 2351 972 2419 soluimus
994 2373 1054 2421 neo
1075 2354 1294 2421 mandavimus
1308 2355 1400 2423 vobis
1415 2352 1512 2440 inferri
1544 2433 1545 2442 ἵ

363 2471 479 2540 Videat
500 2471 587 2539 Deus
611 2474 644 2537 et
663 2470 791 2537 indioet
828 2469 1023 2537 Patientiam
1044 2476 1199 2557 rostram,
1223 2492 1319 2558 quam
1340 2470 1512 2560 pretenditiu

366 2589 493 2657 omnino
515 2607 580 2656 uon
603 2588 726 2674 experti
748 2607 874 2673 sumus,
898 2592 947 2655 set
968 2586 1116 2671 iniuriam
1139 2589 1237 2658 immo
1259 2589 1418 2657 veteribus
1437 2604 1513 2655 noros

366 2705 542 2789 addidistis,
564 2724 643 2790 quas
667 2702 800 2789 quilibet
820 2705 855 2771 in
876 2708 967 2771 textu
989 2704 1101 2791 seripti
1120 2706 1219 2774 rostri
1239 2708 1360 2793 poterit
1380 2704 1513 2789 legerent

366 2823 483 2891 audire.
513 2820 575 2889 Pro
592 2841 639 2905 eo,
656 2820 740 2906 quod
753 2821 845 2907 quasi
858 2820 1089 2909 parturientem
1102 2821 1189 2910 loqui
1202 2844 1259 2891 ros
1273 2821 1447 2905 minamini,
1458 2838 1513 2908 prr·

366 2945 418 3009 ost
439 2937 546 3007 vobisd
562 2937 648 3006 Deus
672 2941 704 3005 et
718 2937 863 3005 obstruat
881 2958 917 3005 os
930 2936 1126 3025 loquentium
1147 2938 1266 3026 iniqua
1284 2939 1512 3009 Certissimeno
1544 2969 1545 2978 κ

366 3056 487 3141 veritis,
502 3054 620 3123 nullius
634 3053 810 3123 maiestatis
825 3054 1027 3141 audientiam,
1042 3055 1159 3123 nullius
1171 3056 1333 3141 dignitatis
1345 3055 1512 3145 presertim
1544 3133 1545 3138 ,

366 3194 417 3241 me
428 3173 644 3259 reformidare,
657 3170 832 3259 quiatestis
850 3172 988 3241 estmilri
998 3172 1095 3259 Deus,
1105 3193 1158 3241 me
1169 3172 1357 3262 simpliciter
1366 3171 1511 3243 ambulare

370 3386 458 3459 263.
476 3388 635 3457 Wiboldses
656 3388 804 3457 Helorion
827 3388 969 3476 eptaoopo
992 3389 1150 3457 madeas·
1169 3391 1322 3474 resnibit,
1345 3414 1379 3457 se
1400 3381 1511 3474 einos·
1544 3429 1545 3434 κ

471 3505 648 3594 fossionem
670 3507 703 3571 io
727 3507 832 3573 naimo
853 3528 917 3571 noo
938 3504 1087 3573 debuisse.
1376 3504 1427 3587 (lt
1442 3497 1510 3581 245.)

281 3648 351 3707 1150
456 3638 581 3707 Domno
606 3638 780 3723 H(einrioo)
803 3638 977 3707 venerabili
997 3637 1154 3706 llindensi
1179 3640 1327 3728 episeopo
1348 3633 1510 3723 wsndlu)

368 3756 429 3826 Dei
451 3756 555 3841 gratia
577 3755 776 3825 (lorbeieneis
799 3755 907 3841 abbas,
928 3756 1037 3841 magni
1059 3754 1183 3822 oousilii
1205 3756 1360 3841 angelum.

457 3873 508 3941 Er
535 3873 715 3942 litterarum
736 3878 914 3941 vestrarum
938 3878 1046 3941 tenore
1068 3872 1285 3960 eognovimus,
1313 3874 1397 3962 quod
1415 3868 1510 3939 onera

369 3992 412 4059 sit
434 3995 539 4060 vestra
565 3990 743 4059 sublimitas
773 4010 813 4057 ex
839 3990 955 4058 litteris
982 3991 1114 4075 nostis,
1144 4011 1222 4077 quas
1248 3992 1391 4079 proxime
1414 3987 1450 4056 ad
1466 4002 1508 4051 ros

370 4108 602 4193 direxeramus3
632 4129 712 4195 quae
740 4108 883 4176 duriores
911 4113 944 4175 et
971 4107 1146 4196 asperiores
1167 4113 1291 4177 vestrae
1312 4102 1508 4191 intelligentiae

370 4225 457 4295 sisae
479 4230 562 4312 sunt,
585 4244 681 4313 quarn
701 4224 951 4294 mediocritatem
972 4230 1114 4294 normam
1135 4226 1272 4295 seribere
1293 4218 1507 4295 eonsenissolti

443 4382 463 4420 t·
484 4369 607 4419 serviemus
623 4388 644 4419 s.
704 4369 872 4432 b-indigerltls
887 4388 908 4417 s.
970 4383 991 4419 ο.
1006 4369 1132 4433 poponis&
1146 4388 1167 4418 a.
1228 4370 1251 4419 d.
1270 4370 1339 4421 nobit
1352 4388 1372 4419 a.
