3117 4859
410 310 558 359 wmarmr
578 309 764 359 mmroaan
784 310 823 359 aa.
838 310 877 357 aa
1163 294 1224 361 121

68 454 216 523 maara.
249 452 339 521 Unde
360 453 511 521 nimirum
533 459 656 521 saonae
678 452 839 521 sanctitati
859 453 894 519 in
908 452 969 519 hoc
981 452 1109 521 obedim
1122 454 1227 540 parati
1255 458 1323 517 114¹!

68 590 188 655 smnus,
217 575 254 638 ut
279 570 451 637 materialis
479 590 550 637 cum
579 569 716 657 spiritali
743 569 849 654 gladio
875 569 911 637 in
938 568 1090 637 aecclesia
1109 570 1226 637 noenia
1243 533 1340 583 “¹⁰⁸⁰

67 686 257 775 temporibus
279 686 473 755 concorditer
495 688 653 774 operando
668 684 865 755 fruedfieent
900 685 994 755 Pater
1008 686 1094 755 enim
1107 691 1225 772 noster,

68 804 283 873 devotissimus
308 802 392 871 filius
413 808 533 887 vestm,
563 805 617 890 qui
644 823 702 890 pro
724 803 909 870 dilatatione
931 803 1079 871 ecclesiae
1102 822 1227 871 nucem

68 920 181 987 Christi
203 920 391 1005 circumfert,
414 920 584 987 novissime
600 920 723 987 anobis
738 920 897 1004 recedens,
919 918 1061 987 iterando
1075 920 1226 1007 precepit,

67 1042 100 1102 ut
119 1036 263 1103 iustieiae
284 1036 466 1121 innitamur,
489 1036 649 1122 religionis
669 1036 804 1103 formam
819 1035 1055 1122 amplectamur,
1078 1034 1227 1104 acclamas

68 1152 258 1236 dignitatem,
281 1153 369 1237 regni
391 1153 542 1221 honorem
564 1173 688 1221 summa
709 1153 873 1237 diligentia
894 1158 1048 1220 tueamur.
1084 1151 1148 1220 Sub
1172 1152 1227 1219 ob·

67 1274 151 1337 antu
178 1269 277 1353 igitur
303 1270 404 1356 patris
432 1272 549 1354 nostri,
580 1271 634 1357 qui
655 1268 789 1337 Romani
815 1270 941 1357 imperii
963 1269 1149 1353 dignitatem
1169 1288 1228 1357 per

69 1390 173 1453 extera
193 1406 292 1470 regna
312 1384 450 1453 aeduae
472 1392 513 1472 et,
535 1406 593 1474 pro
617 1386 777 1454 dilatanda
799 1385 951 1454 aecclesia
972 1407 1006 1453 se
1026 1386 1130 1473 ipsum
1143 1387 1228 1474 peri·

68 1500 141 1569 onds
169 1501 315 1569 omnibus
341 1522 441 1589 nsque
469 1502 510 1569 ad
538 1502 720 1571 effusionem
745 1502 908 1587 sanguinis
930 1503 1129 1590 exponendo,
1155 1523 1228 1590 per·

67 1622 193 1705 potuum
214 1618 324 1685 foedus
347 1638 419 1685 eum
441 1618 591 1687 aecclesia
612 1620 742 1707 pepigit,
769 1620 980 1707 patrocinium
1001 1625 1151 1704 vestrum,
1174 1618 1229 1704 qui

68 1733 227 1821 spondis·
249 1740 340 1821 pater
362 1734 510 1802 ecclesiae
533 1736 619 1819 eatis,
642 1733 833 1803 confidenter
853 1737 1058 1822 requirimus3
1082 1736 1157 1823 qnia
1178 1755 1228 1803 se·

69 1850 201 1917 cundum
223 1851 327 1918 Deum
349 1856 381 1919 st
402 1852 503 1939 patris
524 1851 626 1917 nostri
647 1857 830 1939 preceptum
853 1852 1038 1939 paternitati
1051 1858 1175 1920 sesnes
1192 1853 1229 1919 in

70 1967 208 2035 omnibus
231 1968 358 2035 obedire
378 1968 484 2056 parati
506 1987 623 2035 sumus.

70 2179 127 2251 43.
151 2182 314 2270 Eugenius
326 2183 382 2249 ΙΙΙ
394 2207 483 2271 popu
506 2182 655 2249 Hetaerice
670 2182 885 2249 Romanor-am
905 2186 973 2271 repi
994 2194 1084 2273 opem
1106 2194 1135 2249 et
1156 2206 1228 2249 coa·

151 2300 255 2364 ailiam
272 2300 445 2387 pollicetar.
1089 2296 1143 2381 (M.
1159 2298 1227 2382 55.)

151 2432 314 2517 Eugenius
343 2433 644 2521 episcopusservus
672 2451 835 2499 servornm
862 2430 922 2498 Dei
948 2430 1013 2499 filio
1042 2433 1078 2499 in
1103 2431 1228 2500 Christo

72 2547 178 2615 mee
201 2548 337 2617 sensa
360 2549 476 2617 terrori
497 2548 708 2615 aomanorum
729 2548 808 2632 regi,
830 2548 914 2633 rega
936 2547 1069 2616 mama
1091 2547 1229 2617 aaran
1245 2528 1265 2562 ⁰·

71 2662 140 2751 tilio,
162 2666 297 2733 salutem
320 2671 352 2733 et
374 2664 578 2754 apostolicam
599 2664 857 2733 benedictionem.

154 2780 314 2849 Genitoris
340 2783 388 2848 tui
415 2782 612 2849 devotionem
639 2802 714 2867 erga
735 2782 862 2850 beatum
882 2779 1012 2847 Petrum
1034 2784 1066 2847 et
1087 2785 1229 2849 sanctam

72 2894 240 2965 Romanam
268 2898 451 2966 aecclesiam
478 2898 672 2966 attendentes
702 2903 749 2983 et,
779 2898 861 2984 quod
890 2897 997 2964 divina
1023 2897 1229 2985 inspiratione

72 3019 280 3102 compunctus,
304 3021 464 3103 assumpto
489 3014 570 3081 vitae
593 3014 763 3100 signaculo,
786 3014 828 3081 ad
848 3013 954 3082 hostes
974 3011 1048 3081 fidei
1063 3014 1229 3099 subiugan-

73 3129 122 3197 dos
145 3136 177 3197 et
200 3131 384 3199 catholicam
407 3131 589 3200 aecclesiam
612 3130 805 3200 dilatandam
827 3151 861 3197 se
884 3129 1018 3198 viriliter
1040 3136 1072 3199 et
1085 3136 1231 3219 potenter

73 3246 219 3333 accinxit,
248 3267 305 3334 pre
327 3248 423 3315 oculis
446 3247 548 3317 cordis
570 3248 736 3333 habentes,
763 3254 914 3335 tanquam
936 3247 1058 3315 viscera
1079 3267 1138 3314 sua
1158 3268 1230 3335 spe-

73 3362 141 3429 ciali
172 3369 205 3431 te
237 3362 398 3432 affectione
426 3364 660 3453 complectimur
687 3370 719 3432 et
745 3366 785 3431 de
813 3364 898 3431 illius
926 3364 1069 3431 absentia
1095 3364 1230 3449 quodam

72 3482 173 3567 modo,
202 3486 352 3568 tanquam
379 3502 468 3548 suern
494 3482 528 3548 in
556 3486 587 3548 te
613 3486 774 3549 comentes
797 3481 991 3569 ymaginem,
1021 3480 1227 3547 consolamur.

72 3594 238 3685 Propterea
258 3598 387 3665 nuncios
410 3604 442 3664 et
463 3596 584 3665 litteras
604 3604 675 3665 tuas
694 3602 829 3685 paterna
848 3596 1040 3682 benignitate
1053 3596 1229 3683 recepimus

74 3718 110 3797 ct,
132 3714 216 3801 quod
237 3715 272 3781 in
290 3716 380 3781 annis
395 3714 601 3782 tenerioribus
625 3715 823 3799 constitutus,
846 3719 878 3781 te
899 3718 1081 3801 promptum
1104 3733 1172 3779 esse
1188 3712 1230 3779 ad

75 3828 275 3921 exhibendam
298 3830 444 3899 ecclesiae
463 3830 622 3899 Romanae
645 3850 681 3897 ac
702 3829 793 3897 nobis
816 3829 1026 3897 obedientiam
1046 3828 1109 3895 tuis
1131 3827 1228 3913 apici-

76 3944 128 4013 bus
148 3946 312 4031 intimasti,
335 3952 458 4033 gratum
481 3946 646 4014 habuimus
669 3952 701 4014 et
721 3946 883 4031 habemus,
906 3950 1079 4035 sperantes,
1101 3949 1137 4010 ut
1157 3962 1228 4008 cum

77 4064 180 4130 mtatm
202 4068 275 4129 tuae
296 4064 488 4132 incremento
504 4061 597 4131 firma
611 4064 786 4130 devotionis
802 4068 834 4129 et
849 4062 989 4148 obsequii
1003 4060 1050 4129 tui
1065 4056 1227 4125 sinceritas

77 4196 143 4262 erga
164 4178 270 4247 sedem
288 4178 490 4267 apostolicam
505 4181 690 4267 propensius
706 4183 866 4263 augeatur.
900 4177 990 4243 Unde
1006 4171 1227 4257 omnipotentis

77 4290 130 4361 Dei
155 4315 324 4382 supernam
351 4316 514 4365 exoramus
543 4294 757 4381 clementiam,
785 4300 821 4361 ut
843 4294 910 4360 dies
932 4297 965 4359 et
986 4294 1073 4356 aetus
1094 4292 1165 4353 tuos
1187 4285 1227 4352 de

140 4448 161 4483 a.
180 4432 236 4497 epil·
251 4437 302 4485 aad.
