3117 4859
458 274 607 325 wmnrmr
627 273 794 327 urmuonn
816 274 871 323 rra
1183 261 1251 328 405

76 418 188 489 lesisse
209 418 385 487 insimulati
407 439 532 505 sumus,
561 418 721 505 querelam
743 419 783 487 de
804 424 908 487 cetero
930 437 995 486 non
1015 418 1176 507 moerebis,
1203 428 1253 490 set
1296 426 1368 483 noc

75 536 365 605 reconciliationem
385 526 528 605 nostum
549 536 584 603 in
606 534 736 603 oonsilio
758 535 957 603 dominorum
970 542 1161 624 nostrorum,
1184 541 1252 627 cpi·
1268 500 1389 624 Ῑῖιῷζ

75 674 246 741 sooporum
273 653 421 722 videlicet
447 650 768 722 Patberbrunnensis¹
794 650 1071 721 bionnateriensis’
1098 660 1130 723 et
1152 655 1251 724 Osne-

75 765 282 856 bruggensis⁸
308 772 483 859 poneretis3
512 775 545 838 et
571 772 600 837 si
621 791 703 837 nnus
726 769 854 857 quidem
876 791 916 838 ex
939 771 984 839 eis
1007 771 1060 839 uel
1080 777 1165 840 carte
1188 773 1250 841 duo

74 888 190 956 adesso
216 907 280 955 non
307 888 483 975 potuerint,
511 891 615 955 totum
640 887 773 955 verbum
798 892 943 955 nostrum
969 889 1005 955 in
1030 888 1191 957 voluntate
1218 894 1251 958 et

74 1004 275 1073 ordinatione
297 1004 417 1071 domini
437 1004 539 1073 nostri
553 1002 857 1073 Patherbrunnensis
880 1004 1020 1093 episcopi
1037 1005 1248 1075 dimitteretis.

165 1120 231 1189 Nos
254 1140 378 1208 quoque
399 1120 439 1189 de
460 1128 564 1189 cetero
586 1120 772 1209 paternitati
790 1126 914 1189 vestm
936 1126 968 1191 et
982 1122 1152 1191 aecclesiae
1165 1122 1250 1191 blin-

74 1237 168 1307 densi
189 1238 301 1307 devote
323 1238 442 1307 servim
463 1238 569 1327 parati
591 1238 707 1307 sn'mus
725 1243 758 1306 et
772 1236 970 1307 officiositate
991 1245 1102 1307 nostra
1124 1260 1249 1309 omnem

72 1354 328 1441 commotionem,
344 1376 439 1442 quam
454 1354 622 1423 musteum
637 1374 694 1423 nos
708 1355 856 1424 habuisse
867 1356 1066 1442 dicebamini,
1081 1377 1140 1444 per
1154 1358 1249 1425 mise-

71 1472 246 1541 ricordiam
259 1472 321 1541 Dei
343 1471 476 1541 delinire
498 1472 703 1559 studebimus,
726 1478 772 1559 ut,
795 1473 850 1541 ubi
868 1473 1064 1541 habundavit
1081 1474 1248 1560 discordia,

72 1583 332 1678 superhabundat
353 1589 474 1657 karitas
497 1594 529 1657 et
550 1584 680 1675 gratim.
712 1588 795 1656 Nam
818 1590 894 1676 qnia
914 1590 1035 1657 demini
1047 1592 1150 1659 nostm
1164 1594 1249 1677 regis

72 1705 228 1775 offensam
249 1727 305 1774 uos
330 1706 501 1775 incurrisse
522 1712 652 1795 propter
673 1726 732 1774 nos
755 1706 883 1791 deletis,
912 1727 1038 1775 omnem
1059 1708 1249 1793 indignatio-

71 1844 150 1893 nem
164 1823 242 1910 eius‚
258 1844 353 1911 quam
367 1828 498 1913 propter
508 1834 584 1891 nos·
599 1823 695 1892 habet
709 1824 877 1891 adversum
892 1844 959 1910 vos,
973 1825 1013 1891 ad
1027 1844 1145 1912 purum
1159 1826 1249 1894 vobis

71 1940 223 2026 mitigare
250 1946 283 2009 et
309 1960 456 2009 serenare
483 1940 650 2026 diligenter
675 1940 904 2024 laborabimns3
940 1946 973 2008 et
1000 1962 1108 2010 omnes
1137 1962 1249 2013 causas

70 2062 196 2127 vestm
215 2078 280 2125 non
301 2058 444 2127 inferiori
463 2058 567 2126 studio
585 2078 679 2145 quam
695 2062 821 2125 nostras
843 2057 1015 2146 provehere
1039 2064 1071 2127 et
1094 2061 1134 2127 ad
1157 2060 1248 2129 effen

69 2180 143 2245 tum
161 2175 344 2264 perducere,
366 2176 395 2243 si
415 2195 480 2243 non
500 2175 714 2261 dedignamini
729 2175 820 2243 nobis
836 2195 890 2244 sas
904 2176 1077 2263 msinunre,
1099 2177 1248 2267 deinceps

70 2292 279 2361 studebimus.
354 2292 510 2381 Denique,
533 2293 562 2361 si
583 2294 734 2361 nuncium
755 2298 896 2361 vestrum
919 2298 952 2361 et
971 2293 1095 2361 litteras
1117 2316 1247 2363 excusa·

70 2410 177 2479 toriae·
194 2410 235 2479 ad
257 2408 419 2478 domiuum
440 2414 585 2479 nostum
607 2431 715 2497 regem
736 2410 771 2477 in
793 2411 960 2479 nativitate
982 2410 1093 2479 beatas
1109 2408 1246 2480 Mariaa⁶

71 2528 114 2596 ad
141 2528 262 2596 curiam
289 2526 490 2613 Nnrcuberg‚
521 2528 562 2595 ad
590 2548 685 2615 quam
707 2530 875 2595 vocaverat
895 2546 967 2613 uos,
994 2528 1246 2615 transmiseritis,

69 2645 133 2713 boo
154 2644 240 2733 apud
262 2664 334 2713 eum
356 2644 603 2730 elaborabimus,
632 2643 716 2731 quod
737 2642 908 2710 clementer
929 2643 1018 2712 uobis
1039 2645 1192 2713 rescribet
1214 2649 1246 2714 et

68 2762 173 2831 Μ’
204 2762 299 2830 simul
325 2767 358 2830 ct
383 2761 648 2847 indignationem,
678 2780 772 2847 quam
799 2780 859 2849 pro
886 2759 977 2827 nobis
1000 2762 1167 2830 adversum
1188 2783 1246 2831 res

70 2879 193 2965 habuit,
215 2884 282 2946 tam
303 2900 362 2967 per
381 2878 505 2947 litteras
529 2898 602 2946 suas
624 2898 719 2965 quam
740 2898 800 2967 per
820 2877 972 2944 nuncium
993 2884 1134 2947 vestm
1155 2880 1247 2949 robis

69 2996 207 3082 benigne
234 2996 384 3065 remittet.
479 2994 559 3076 Quia
586 2996 682 3064 etiam
709 2995 744 3063 in
770 2995 927 3080 legatione
956 2996 1064 3063 domni
1091 2997 1176 3081 rogis
1204 2996 1246 3065 ad

70 3114 223 3183 domnum
243 3110 362 3202 papam
377 3113 412 3179 in
426 3112 657 3201 presentiarum
673 3113 888 3199 transibimus,
909 3113 969 3180 hoe
983 3133 1106 3200 qnoque
1120 3118 1245 3183 vestrae

69 3230 276 3301 excellentiae
296 3228 475 3315 firmamus,
498 3230 583 3318 qnod
605 3234 715 3298 contra
735 3229 888 3297 honorem
909 3236 1050 3299 restrum
1072 3236 1105 3300 et
1127 3232 1245 3302 aeccle-
1340 3235 1343 3241 “

68 3349 138 3417 siae
159 3352 284 3417 rosnae
304 3346 386 3414 nihil
407 3366 479 3415 cum
501 3348 615 3415 domno
635 3367 722 3435 papa
735 3347 956 3432 tractabimns3
979 3355 1039 3435 set,
1061 3350 1089 3416 si
1111 3351 1244 3418 domnus

68 3484 156 3555 papa
177 3464 341 3554 scripserit
361 3464 451 3533 vobis
473 3484 531 3552 pro
554 3463 683 3551 querela
703 3469 822 3551 nostm,
845 3464 924 3533 talia
945 3466 985 3532 ad
999 3487 1056 3534 vos
1079 3468 1175 3535 scribi
1196 3469 1244 3535 fa-

68 3584 205 3669 ciemus,
236 3602 297 3669 que
325 3586 439 3667 cogent
460 3602 516 3649 vos
542 3582 646 3649 facere
667 3582 827 3650 iusticiam
855 3583 895 3650 de
916 3583 1115 3651 invasoribus
1137 3604 1244 3652 rarum

67 3704 260 3785 normarum,
287 3704 447 3768 ettamen
470 3700 608 3786 quietem
629 3703 769 3768 vestam
792 3706 824 3767 et
845 3719 957 3788 pacem
978 3699 1152 3769 Mindensis
1174 3720 1243 3768 aec-

67 3816 184 3885 clesiae
211 3836 275 3883 non
303 3817 541 3906 perturbabunt.
631 3816 700 3883 Hoc
726 3837 850 3903 quoque
876 3818 910 3884 in
934 3817 995 3885 hac
1017 3818 1244 3905 compositione

67 3931 331 4021 comprehensum
351 3934 422 4020 fuit,
443 3940 490 4019 ut,
513 3934 542 4001 si
562 3932 650 4002 Deus
671 3933 756 4001 intra
777 3935 920 4021 spacium
941 3934 1034 4001 huius
1056 3955 1163 4002 morae
1183 3954 1243 4002 nos

67 4050 108 4119 da
129 4049 191 4117 hoo
213 4050 318 4119 seculo
332 4050 502 4135 vocaverit,
524 4048 722 4119 Corboiensis
737 4051 890 4120 aecclesia
903 4057 936 4120 et
950 4072 1111 4120 successor
1123 4055 1241 4137 noster,

141 4242 163 4277 a.
183 4242 226 4277 nos
243 4232 334 4279 addidi.
395 4230 418 4278 b.
439 4230 560 4279 adama.

140 4326 166 4381 1.
188 4324 351 4383 Bernhardi.
427 4326 454 4382 d.
478 4325 613 4383 wernerl.
690 4329 717 4384 8.
740 4326 888 4399 Phllippl.'
952 4327 981 4382 4.
1004 4322 1047 4383 ct.
1059 4324 1139 4382 Rom.
1151 4327 1177 4399 5,
1195 4327 1239 4384 20.

64 4412 636 4489 asepaactepstesuprapsos.
