3117 4859
398 284 546 331 ermanni
567 282 753 331 nrusnonan
778 282 831 329 rra.
848 282 900 329 nro.
1166 267 1233 334 299

63 424 181 509 abbati,
205 422 380 493 dilectionis
404 432 435 493 et
457 425 659 511 benignitatis
682 425 723 494 ad
745 425 852 521 onmia
867 424 1013 493 devotam
1030 430 1062 492 et
1075 432 1232 513 promtam
1252 434 1321 490 1119

62 541 300 609 exhibitionem.

150 657 256 725 Fideli
282 658 497 725 ammonitioni
521 663 553 725 et
574 659 626 745 pie
649 658 812 727 devocioni
832 664 965 743 rescae,
988 679 1083 745 quam
1103 659 1139 725 in
1159 678 1234 745 pro-

40 774 200 843 nodone
220 780 329 843 nostra
351 775 391 842 ad
413 775 563 842 domnum
583 796 701 862 papam
722 775 813 843 nobis
836 775 1033 859 exhibuistis,
1053 794 1118 843 non
1130 774 1234 843 solum

58 892 182 977 gratias
206 892 388 976 referimus,
416 910 526 957 rerum
553 892 649 959 etiam
677 912 734 959 suo
755 892 825 960 loco
853 898 886 961 et
910 899 1053 980 tempore
1079 892 1234 977 oonffigna

59 1009 167 1097 operis
192 1008 384 1077 exhibitione
406 1010 596 1096 respondere
617 1009 721 1096 parati
744 1029 862 1077 sumus.
936 1008 1029 1076 quta
1044 1009 1234 1096 peticionem

58 1131 168 1193 artem
197 1123 294 1209 legati
316 1127 414 1193 vestri
443 1127 597 1193 actionem
625 1127 820 1211 quorumdam
847 1128 1063 1212 negociorum,
1090 1146 1171 1211 quae
1193 1146 1233 1193 ex

57 1248 213 1330 precepto
242 1238 349 1309 domni
376 1262 459 1330 papo
483 1243 682 1329 presentibus
706 1241 911 1329 suffraganeis
932 1244 1049 1311 nostris
1070 1242 1235 1309 Eriordie·

56 1359 269 1427 umtarimus
292 1365 325 1426 et
345 1360 599 1444 terminavimus,
625 1360 714 1427 vobis
742 1361 939 1427 innotescere
963 1380 1118 1427 curamus.
1163 1358 1233 1425 Pri·

56 1496 148 1543 mum
171 1475 347 1563 capitulum
368 1482 438 1543 erat
458 1478 497 1543 de
519 1476 656 1563 quodam
678 1476 791 1544 abbate
813 1476 854 1543 de
866 1476 1011 1561 Burgiliu
1019 1472 1037 1561 ¹,
1060 1476 1116 1562 qui
1130 1476 1233 1563 queri-

54 1593 203 1659 moniam
225 1591 360 1659 babebat
376 1591 526 1659 adversus
542 1594 688 1661 comitem
704 1588 880 1677 Sinonem,
903 1594 987 1680 quod
1000 1594 1136 1679 quedam
1152 1593 1235 1660 bona

55 1708 234 1777 aecclesiae
262 1729 336 1775 suae
358 1708 512 1776 violenter
537 1709 663 1777 tulisset
691 1714 723 1777 et
750 1709 954 1796 pertinaoiter
974 1716 1109 1792 teneret3
1138 1708 1233 1795 quam

55 1848 75 1893 a
104 1826 228 1893 domno
255 1842 340 1912 papa
366 1826 457 1893 nobis
479 1826 653 1895 iniunctam
675 1826 806 1893 consilio
829 1832 862 1893 et
883 1825 1000 1893 auxilio
1021 1828 1155 1893 nauum
1176 1847 1234 1893 no-

54 1949 213 2027 strorum,
236 1943 395 2028 utrimque
408 1942 492 2010 facta
505 1964 584 2031 pace
599 1948 631 2011 et
653 1942 829 2028 eoncordia,
851 1943 1099 2011 terminavimus.
1178 1942 1234 2011 Se·

54 2060 201 2127 enndmn
224 2063 294 2125 erut
315 2059 354 2125 de
377 2060 490 2127 comite
505 2060 556 2145 H,
580 2061 635 2147 qui
656 2080 789 2128 uxorem
807 2080 900 2127 suam
916 2059 1080 2129 dimiserat
1093 2070 1126 2128 et
1139 2060 1234 2129 aliam

54 2176 302 2264 superduxerat
338 2174 439 2243 Huius
461 2178 578 2261 negotii
601 2176 674 2245 talis
697 2182 766 2245 erat
788 2178 879 2243 aetio.
912 2176 1055 2245 Domnus
1069 2177 1234 2245 Hildenes·

53 2292 222 2361 hamensis
251 2288 433 2379 episcopus⁸
462 2294 637 2378 asserebat,
672 2293 755 2379 quod
782 2294 998 2382 interipsum
1026 2299 1058 2361 et
1084 2295 1233 2382 priorem,

54 2430 158 2497 quam
185 2428 245 2496 pro
273 2428 372 2477 uxore
399 2409 549 2493 habebat,
579 2416 709 2497 propter
737 2411 954 2495 cognationem
980 2412 1131 2479 canonica
1151 2412 1236 2478 bota

54 2533 130 2596 erat
153 2526 331 2614 separaum
354 2531 412 2610 set,
437 2526 520 2611 quod
535 2526 573 2593 de
589 2526 722 2612 incestu,
746 2549 841 2614 quem
862 2548 933 2595 cum
955 2533 1051 2614 nepte
1072 2548 1131 2595 sua
1149 2548 1234 2595 eom·

53 2645 208 2727 miserat,
235 2644 443 2731 penitentiam
465 2643 655 2730 suscepisset
674 2644 725 2710 vel
746 2646 935 2731 peregIsset‚
961 2664 1026 2711 uon
1048 2641 1233 2711 affirmabat

52 2761 152 2829 Unde
174 2759 326 2827 nameus
348 2760 465 2827 nostris
488 2760 736 2845 decernentibus,
763 2762 847 2847 quod
870 2765 942 2829 aute
963 2766 1124 2847 peractam
1145 2760 1234 2847 poni·

52 2878 197 2946 tentiam
217 2876 455 2945 matrimonium
477 2876 660 2945 connubere
676 2896 734 2943 nec
748 2883 856 2964 posset
869 2896 928 2945 nec
941 2878 1079 2961 deberet,
1101 2876 1232 2961 Magnu-

53 2996 139 3062 tiam
163 2993 205 3059 ad
227 2993 372 3061 sinodum
394 2998 535 3061 nostram
556 2995 591 3059 in
612 2994 758 3080 proxima
779 2995 860 3061 feria
880 2994 1018 3061 secunda
1037 2999 1111 3082 post
1125 3014 1232 3063 moen·

52 3112 185 3179 sionem
206 3107 352 3175 Domini‘
381 3110 422 3177 ad
443 3110 689 3177 satisfactionem
711 3130 784 3178 eum
806 3111 996 3177 vocavimus.
1085 3110 1234 3179 Preterea

52 3225 361 3295 Herosveldensemb
385 3224 557 3312 abbatem,
581 3228 669 3313 quia,
698 3227 876 3295 inconsulta
898 3227 1050 3296 aecclesia
1070 3233 1179 3297 nostra
1200 3234 1234 3297 et

53 3346 182 3430 absum
209 3344 305 3410 uerbo
332 3348 442 3411 nostro
468 3342 656 3411 Fuldensem
685 3344 858 3432 suscipiens
887 3345 1061 3429 abbatiam,
1091 3344 1132 3411 ab
1159 3345 1232 3413 obe-

52 3462 184 3529 dientia
204 3465 315 3527 nostra
335 3480 371 3527 se
392 3459 557 3546 alienavit,
580 3460 730 3529 fratribus
753 3462 871 3529 nocuis
893 3462 1118 3530 sanctientibus
1140 3482 1232 3529 voca·

52 3580 176 3646 vimus.
266 3576 377 3645 Preter
398 3578 476 3645 haec
497 3576 598 3644 multa
619 3583 724 3661 erant,
753 3598 833 3664 quae
855 3578 979 3663 singola
1000 3578 1129 3663 longum
1150 3585 1234 3649 esset

54 3714 262 3777 enumerem
285 3698 334 3761 set
356 3692 433 3761 baec
454 3714 511 3761 uos
532 3694 633 3779 magis
656 3695 736 3761 scire
758 3696 947 3763 coniecimus
969 3696 1157 3764 eruderare.

59 3881 152 3953 179.
176 3884 337 3949 Coorodos
356 3880 411 3947 ΙΙΙ
433 3906 490 3947 rec
516 3883 657 3949 Wiboldo
684 3886 854 3975 sipoas'ficot,
881 3910 914 3949 se
941 3886 991 3950 dte
1017 3886 1061 3951 29
1087 3909 1127 3949 m.
1150 3884 1232 3951 Mais·

173 3992 377 4057 Racisoocam
397 3992 579 4077 pervertisse.
1071 3989 1124 4071 (M.
1143 3992 1230 4071 162.)

151 4112 341 4196 (immudis)
364 4110 425 4179 Dei
447 4112 550 4197 gratia
570 4110 783 4181 Romanorum
804 4136 861 4182 rex
889 4121 1039 4200 augustus
1061 4114 1229 4198 W(ibaldo)
1249 4122 1318 4243 ff

132 4256 154 4288 a.
175 4238 268 4286 Eriodie
285 4257 304 4285 c.
366 4238 388 4283 b.
404 4236 592 4285 Hetereldeuscm
608 4256 628 4285 c.

135 4320 160 4373 1.
178 4332 266 4387 prope
283 4316 385 4387 lenam,
403 4315 491 4372 dioec.
505 4315 634 4373 dioensis.
694 4316 721 4371 2.
740 4316 780 4395 lil
797 4316 833 4374 de
850 4315 1040 4387 Koremburg.
1100 4318 1127 4372 3.
1144 4316 1229 4373 Bern-

56 4408 175 4464 hardus.
245 4406 271 4461 t
292 4406 360 4461 1149
378 4404 440 4462 nu.
454 4408 497 4461 16.
568 4406 594 4461 5.
613 4404 782 4462 Heinricum.
