3117 4859
424 257 572 307 wmsmu
593 257 780 307 urrsronnn
801 258 839 306 ss.
854 257 893 305 er.
1178 238 1242 308 143

165 398 217 467 Ex
238 398 354 467 litteris
376 400 489 467 uestris
512 400 719 487 percepimus,
741 420 798 467 vos
819 401 974 468 instanter
995 398 1121 467 venium
1134 403 1244 485 postu-
1270 402 1339 457 1147

77 514 158 600 lure,
187 516 286 601 quod·
309 514 473 583 sollicitius
502 522 534 583 et
555 517 709 583 nouom
733 516 773 583 ed
795 516 946 583 noticium
967 520 1094 583 nostroe
1115 515 1242 581 humili·
1259 489 1279 523 α
1292 476 1349 523 m„

78 631 152 699 tutis
173 652 238 699 non
261 634 467 720 propinquius
491 633 676 717 secessistis,
701 653 869 720 personum
890 631 1047 716 videlicet,
1070 652 1165 717 quum
1187 632 1242 699 do-

77 747 182 817 minus
208 768 296 817 meus
322 770 408 838 psps
428 748 545 817 Lucius
572 755 661 816 tento
690 747 804 816 effectu
829 749 940 817 dilexit
962 754 995 815 et
1016 768 1111 835 quom
1132 748 1243 815 tandin

77 863 156 931 fouit
185 870 217 931 et
242 866 293 933 cui
320 886 418 952 usque
447 865 488 933 sd
514 864 610 933 linem
632 866 697 933 rite
720 882 811 950 suae,
839 867 920 933 sicut
942 885 1000 933 nos
1021 865 1084 952 ipsi
1106 864 1243 931 uidimus

77 986 109 1047 et
122 1001 179 1048 uos
195 982 342 1067 scribitis,
362 983 397 1049 in
411 981 497 1049 nullo
513 982 620 1049 definit.
651 981 733 1049 Huic
748 982 879 1067 accedit,
894 982 978 1069 quod
993 982 1125 1049 domnus
1141 979 1243 1049 Guido

76 1094 276 1167 Florentium
297 1098 332 1165 in
354 1098 494 1167 disoemu
516 1118 572 1165 suo
588 1099 608 1165 t
621 1099 711 1167 nobis
726 1120 766 1167 ex
782 1100 935 1184 singulari
949 1104 981 1165 et
994 1098 1146 1187 precipuo
1158 1097 1244 1163 keri-

76 1218 151 1299 tute‚
177 1234 271 1301 quum
292 1215 456 1283 nobiscum
479 1220 511 1283 et
532 1215 693 1283 vobiscum
716 1217 828 1283 intimo
851 1215 965 1283 affectu
985 1216 1078 1301 gerit,
1099 1235 1156 1281 vos
1171 1233 1244 1281 esu·

77 1350 191 1418 susque
213 1336 334 1399 vestrm
357 1331 448 1399 nobis
470 1333 619 1420 precipue
641 1334 881 1401 commendavit
923 1332 1000 1400 Inde
1020 1332 1096 1415 tuit,
1120 1330 1202 1418 quod
1224 1351 1245 1397 s

76 1447 165 1515 robis
188 1467 251 1516 non
272 1454 411 1537 rogetus,
433 1470 497 1517 non
519 1450 715 1535 sollicitatus,
739 1470 850 1517 census
869 1455 991 1517 vestros
1005 1454 1157 1535 tunquam
1170 1467 1244 1533 pro-

75 1564 163 1651 prius
179 1564 339 1652 hucusque
353 1568 560 1655 proteximus,
584 1567 790 1653 defendimus,
814 1566 1009 1651 sustulimus,
1025 1570 1057 1632 et
1071 1563 1126 1631 ubi
1139 1562 1245 1631 nullse

75 1700 187 1767 preces
216 1688 378 1767 porrectus
404 1689 494 1769 munt,
522 1704 580 1753 uos
602 1684 811 1772 porreximus.
857 1683 1002 1770 Denique
1023 1683 1051 1749 si
1072 1682 1161 1749 nulls
1182 1682 1246 1749 slis

75 1814 173 1865 ceusu
196 1802 288 1883 esset,
310 1799 345 1865 in
367 1799 456 1867 robis
478 1805 583 1867 nmen
606 1805 656 1868 est
669 1800 737 1868 Deo
760 1800 948 1867 concedente
962 1804 1052 1867 tants
1065 1799 1244 1887 prudentis,

75 1916 111 1978 ut
133 1932 175 1979 ex
196 1912 286 1980 uobis
307 1916 408 1983 wneri
431 1921 464 1983 et
485 1918 593 1983 stricte
616 1916 764 2003 amplecti
778 1917 927 2001 debeatis,
951 1917 1005 2002 qui
1020 1916 1168 1984 eeclesiae
1182 1916 1246 1983 Ro-

75 2048 189 2097 manse
211 2030 371 2117 sapienter
393 2036 425 2097 et
447 2030 615 2099 efficsciter
638 2054 762 2121 semper
785 2034 941 2101 astitistis.
976 2033 1132 2101 Gonoessa
1147 2033 1245 2119 igitur

76 2166 172 2233 quem
193 2146 361 2234 postuletis
384 2148 492 2231 venie,
518 2148 654 2233 gretism
674 2154 813 2216 vestrum
837 2156 869 2216 et
890 2149 1082 2235 singulsrem
1104 2149 1245 2217 dilectio-

76 2284 164 2351 nem,
195 2284 291 2351 qusm
313 2262 446 2348 offertis,
469 2266 611 2351 nmisque
633 2264 716 2332 ruinis
739 2265 976 2352 amplectimur,
999 2272 1032 2335 et
1053 2268 1246 2354 presentiam

75 2386 220 2449 nostrum
241 2402 300 2469 pro
322 2386 491 2467 restruet,
514 2381 542 2447 si
563 2381 635 2469 plus
657 2401 836 2469 possumus,
858 2382 949 2450 robis
969 2403 1028 2471 per
1047 2384 1154 2449 omnis
1170 2404 1245 2470 pro-

75 2498 243 2583 mittimus,
268 2504 300 2566 et
322 2498 404 2565 sieut
425 2518 495 2565 cem
518 2497 696 2584 specialiter
718 2498 920 2567 vendicetis!

79 2826 139 2897 67.
167 2829 272 2897 Goido
301 2830 503 2895 cancellarios
524 2830 654 2917 papulis
681 2828 821 2895 Wibaldo
849 2831 973 2912 madet,
1000 2841 1035 2897 oc
1064 2832 1108 2897 ad
1122 2854 1245 2919 popam

166 2946 302 3011 accedat.
1106 2945 1161 3029 (lt
1177 2947 1245 3029 47.)

165 3074 269 3143 Guido
304 3084 430 3147 sanctae
457 3076 617 3145 Romanae
651 3076 801 3145 ecclesiae
828 3078 978 3147 dmconus
1006 3076 1341 3149 cmdmslis¹et1147

76 3191 282 3261 anomaeus
303 3193 471 3261 norme
494 3194 594 3261 amico
617 3192 798 3262 corbeiensi
820 3195 928 3263 aseae
948 3196 1091 3264 nouom.
1261 3178 1281 3211 ⁰·
1294 3164 1350 3212 ⁰⁰⁰·

165 3308 353 3377 Dilectionis
376 3308 551 3395 sinceritas,
574 3331 669 3398 quam
692 3331 766 3396 erga
789 3317 821 3379 te
843 3311 959 3383 habere
973 3313 1158 3400 incepimus,
1181 3333 1245 3381 nou

76 3426 232 3493 minuitur
253 3431 302 3493 set
324 3426 471 3513 suscipit?
486 3426 723 3495 incrementum
759 3426 929 3516 Scriptum,
953 3430 1036 3514 quod
1049 3450 1107 3516 per
1121 3450 1245 3515 germo-

76 3561 152 3611 num
168 3546 309 3611 vestrum
324 3542 415 3610 nobis
429 3542 572 3627 misistis,
596 3542 710 3609 domno
725 3564 828 3632 pspse
843 3544 1047 3613 ostendimus.
1082 3545 1125 3613 Ut
1140 3552 1245 3615 sutem

76 3656 165 3728 brevi
186 3663 315 3727 uulnus
337 3658 470 3745 eloquio,
493 3658 603 3727 smicis
625 3660 741 3727 nostris
761 3660 918 3728 malumus
933 3682 1046 3749 parum
1059 3664 1246 3750 promittere

78 3781 109 3843 et
129 3774 268 3865 emplius
291 3774 424 3862 operari.
469 3774 553 3843 Setis
577 3776 695 3843 dictum
718 3781 766 3843 est
788 3777 933 3865 sapienti
976 3778 1099 3847 Bonum
1120 3780 1245 3847 videtur

76 3891 177 3977 uobis,
201 3891 230 3959 si
252 3891 366 3959 domno
388 3910 490 3979 pspee
512 3898 641 3981 propter
662 3892 824 3961 molestius
844 3894 1086 3965 detrectantium
1107 3901 1245 3965 vestrm

78 4005 270 4076 obtulissetis
291 4008 493 4095 presentium.

148 4278 169 4315 ι
185 4278 232 4333 que
248 4284 268 4314 c.
329 4266 352 4317 b.
367 4270 402 4317 ἡ
417 4268 469 4317 eod.
529 4280 548 4316 c.
564 4244 666 4331 sucipit
681 4286 698 4315 c.

148 4372 176 4427 1.
193 4370 242 4429 SS.
255 4371 369 4429 Oosmue
386 4378 415 4429 et
432 4372 568 4431 Demisui.
