3117 4859
166 431 236 487 115⁰
246 447 281 480 ex.
292 457 317 466 -

166 504 234 559 1151
244 507 276 553 iu.

332 259 398 334 448
709 281 859 331 wmsrm1
879 279 1044 331 namucus
1065 281 1120 329 crs.

333 443 468 510 assumo,
490 429 619 510 cogente
641 425 759 512 pietate
778 425 876 492 immo
890 424 992 491 multa
1005 423 1187 511 impellente
1200 423 1399 506 saeuisse,
1417 419 1490 487 fidu-

332 543 423 628 ciam,
445 562 510 609 nou
531 543 680 610 erubesco
702 542 766 609 iam
785 541 913 609 humilis
928 546 960 609 et
972 541 1128 627 indoctus,
1150 539 1311 607 excelsum
1325 538 1492 627 principa

332 664 364 726 et
385 659 628 726 disertissimum
650 659 816 726 convenire
838 663 1004 726 oratorem.
1043 658 1146 737 Quare
1165 678 1235 743 nos,
1258 656 1493 724 clementissine

331 781 436 862 pater,
464 779 570 843 vestm
597 776 713 843 deserit
740 775 968 844 mansuetudo?
996 795 1093 862 quare
1120 795 1262 860 gregem,
1290 772 1401 840 multis
1428 791 1494 839 ecce

330 891 414 979 lupis
441 892 635 980 expositum,
664 898 770 960 vestra
797 893 907 960 sollers
936 892 1125 978 derelinquit
1150 889 1376 979 pastoralitas?
1417 888 1495 968 Quid

330 1009 365 1074 in
393 1008 483 1076 nobis
510 1009 696 1097 paternitati
715 1013 842 1076 uestrae
869 1006 1046 1095 displicuit,
1073 1008 1149 1095 qnia
1168 1007 1271 1095 primo
1294 1007 1422 1093 quidem
1442 1025 1496 1092 pa

331 1145 382 1193 me
403 1125 496 1192 nudis
513 1123 628 1211 verbis,
650 1125 744 1192 modo
767 1129 874 1192 antem
896 1125 993 1194 semel
1015 1131 1047 1192 et
1067 1126 1184 1192 iterum
1203 1124 1320 1191 litteris
1342 1126 1376 1191 et
1397 1119 1496 1191 effim-

331 1241 418 1309 cibus
435 1242 556 1309 nunciis
572 1241 735 1309 eeclesiam
749 1247 888 1310 vestam
903 1241 1106 1327 sollicitastis,
1127 1242 1225 1308 immo
1239 1240 1405 1325 turbastis,
1426 1257 1496 1306 oon-

331 1356 437 1425 silium
459 1359 497 1426 de
520 1358 701 1426 dimissione
720 1356 850 1426 alterius
866 1358 1010 1427 abbatiae
1023 1358 1228 1448 postulantes,
1251 1361 1286 1424 et
1298 1357 1496 1424 emissionfflr

331 1493 351 1540 a
370 1479 489 1560 nostro,
513 1476 603 1561 quasi
625 1475 724 1543 altera
740 1474 814 1563 plns
832 1475 994 1560 religionis
1009 1481 1042 1544 et
1055 1474 1175 1543 ordinis
1189 1474 1313 1560 babeat,
1335 1473 1495 1554 violenter,

330 1595 366 1658 ut
391 1590 611 1676 intelligimus,
640 1592 821 1677 exigentes?
865 1592 918 1658 An
939 1592 1064 1677 ignorat
1085 1597 1192 1660 vestra
1212 1591 1399 1679 prudentia,
1427 1590 1496 1677 quia

330 1707 369 1774 de
391 1707 481 1775 nobis
504 1728 524 1775 a
545 1707 635 1775 nobis
658 1707 791 1793 electos,
819 1708 904 1795 apud
925 1728 983 1776 nos
1003 1709 1181 1793 investitus,
1204 1707 1288 1795 apud
1308 1727 1369 1776 nos
1391 1727 1494 1774 conse

330 1828 445 1908 oratus,
467 1825 551 1892 inter
572 1845 629 1892 nos
653 1830 685 1892 et
707 1845 802 1913 super
823 1844 881 1892 nos
902 1844 967 1892 non
982 1826 1049 1892 sine
1063 1830 1215 1914 perpetuo
1229 1825 1335 1892 fructu
1352 1827 1395 1891 16
1409 1824 1495 1890 anni

329 1945 529 2007 conversatus
539 1935 557 2025 ¹,
580 1942 671 2027 quasi
691 1961 794 2028 nuper
808 1942 965 2010 vocationi
980 1940 1224 2026 corbeiensium,
1247 1941 1400 2028 peticioni
1416 1939 1495 2024 regis

330 2060 363 2123 st
382 2055 563 2144 principum
585 2057 681 2126 abbas
704 2063 812 2126 noster
833 2063 866 2125 et
887 2064 996 2146 pastor
1016 2058 1168 2146 prestitus
1191 2058 1266 2124 estis
1283 2057 1391 2145 potius
1406 2076 1494 2144 quan

329 2172 441 2240 datus?
485 2173 587 2252 Quare
615 2173 654 2242 de
681 2180 748 2242 tam
777 2176 876 2242 atroci
896 2175 1022 2260 negotio
1044 2179 1169 2259 nostro,
1197 2194 1262 2240 non
1284 2173 1431 2258 ulterius,
1458 2172 1495 2238 ab

331 2287 441 2357 alienis
463 2295 495 2357 et
517 2291 674 2358 extraneis
697 2290 864 2358 consilium
884 2312 943 2358 nos
966 2311 1096 2379 querere
1113 2290 1291 2376 decernitis,
1314 2310 1389 2358 cum
1403 2309 1494 2377 penes

328 2426 386 2473 nos
407 2404 534 2473 firmum
555 2427 619 2474 non
642 2407 823 2475 dimittendi
845 2428 900 2474 vos
923 2407 1089 2476 consilium
1110 2405 1300 2475 babeamus?
1340 2405 1420 2486 Quis
1440 2404 1495 2472 boc

328 2522 580 2608 magnanimitati
602 2528 725 2591 vestrae
748 2524 909 2611 imposuit,
932 2529 969 2591 ut
990 2523 1164 2609 ecclesiam,
1187 2541 1338 2609 quaeres
1361 2522 1403 2589 ab
1425 2522 1494 2588 ado

326 2639 478 2707 lesceutia
499 2638 643 2707 educavit
664 2641 837 2727 assumpsit
859 2646 891 2708 et
912 2640 1071 2725 dilatavit,
1103 2638 1246 2707 deserere
1267 2639 1494 2726 cupientes‚d

329 2755 492 2841 ecclesiae,
519 2757 574 2824 cui
599 2758 750 2843 prestitus
780 2758 872 2842 estis,
899 2755 1148 2824 benedictionem
1174 2761 1317 2823 nostram
1342 2774 1410 2823 non
1432 2755 1494 2822 sine

328 2872 581 2960 supplantatione
603 2873 796 2940 infundatis?
840 2872 963 2958 Cesset,
986 2893 1099 2959 queso,
1122 2872 1257 2957 domine,
1280 2878 1384 2941 cesset
1407 2872 1494 2939 buius

327 2994 451 3057 restrae
473 2987 692 3057 sollicitudinis
713 2991 857 3075 intentio,
880 2993 981 3057 cesset
1001 2990 1103 3077 pietas
1117 2995 1225 3056 vestra
1245 3009 1319 3056 suos
1332 2987 1418 3056 filios
1433 2995 1494 3056 tan

328 3103 496 3172 crudeliter
513 3105 592 3174 velle
615 3105 747 3191 abicere,
771 3107 835 3193 qui,
858 3105 1054 3174 utbreviter
1076 3105 1195 3173 dietum
1216 3106 1268 3190 sit,
1291 3106 1367 3190 vagi
1388 3113 1424 3174 et
1445 3123 1494 3172 er·

328 3220 395 3289 ules
418 3222 622 3289 decreverunt
643 3223 725 3290 mori
745 3224 867 3310 potius,
893 3242 990 3308 quam
1010 3241 1077 3307 uos,
1099 3223 1175 3289 dum
1195 3221 1349 3306 vixonis,
1373 3227 1493 3308 patron

329 3341 361 3404 et
382 3337 544 3404 dominum
564 3358 628 3406 uon
649 3337 773 3406 babere.
805 3338 891 3406 llaec
904 3357 964 3421 me,
988 3343 1088 3427 pater,
1111 3339 1276 3425 scripsisse
1288 3337 1369 3405 tides
1384 3339 1492 3423 coegit

329 3453 443 3520 caritas
470 3455 636 3542 persuasit.
683 3455 753 3539 Set,
781 3455 882 3523 sicubi
908 3455 990 3522 forte
1016 3455 1145 3523 modum
1173 3453 1308 3539 excessi,
1335 3453 1437 3522 verba
1457 3452 1492 3519 ad

329 3573 452 3637 tantum
474 3570 649 3658 prinoipem
670 3571 870 3658 impudenter
891 3576 924 3639 et
943 3571 1061 3639 inculte
1077 3571 1274 3658 proferendo,
1296 3576 1407 3638 vestra
1419 3569 1492 3637 mibi

330 3685 463 3753 eruditio
490 3687 646 3773 ignoscat,
674 3693 720 3773 et,
749 3693 786 3755 ut
811 3688 1002 3756 inveritate
1027 3687 1221 3772 dictasunt,
1250 3685 1441 3773 simpliciter
1459 3703 1492 3751 ac

329 3799 462 3870 fideliter
495 3804 638 3892 accipiat.
690 3802 738 3872 De
771 3810 874 3872 cetero
903 3802 990 3871 Deus
1022 3805 1218 3890 omnipotens
1245 3821 1302 3869 ros
1329 3802 1489 3883 custodiat,

329 3918 554 4006 consiliumque
576 3925 700 3989 vestrae
721 3920 761 3989 ad
782 3940 841 3990 nos
863 3919 992 3990 celeris·
1014 3919 1202 3988 reversionis
1224 3918 1313 3987 vobis
1336 3919 1460 4004 dirigat

401 4093 421 4127 ι
442 4079 518 4147 celere
534 4097 554 4129 c.

399 4166 425 4223 1.
442 4167 478 4224 ab
494 4169 613 4224 exemto
631 4181 703 4224 anne
721 4165 794 4223 1130
811 4166 848 4224 ad
864 4171 1012 4224 exeuntem
1031 4181 1133 4223 annom
1150 4165 1229 4222 1146.
