<?xml version="1.0" encoding="UTF-8"?>
<!DOCTYPE html PUBLIC "-//W3C//DTD XHTML 1.0 Transitional//EN"
    "http://www.w3.org/TR/xhtml1/DTD/xhtml1-transitional.dtd">
<html xmlns="http://www.w3.org/1999/xhtml" xml:lang="en" lang="en">
 <head>
  <title>
</title>
<meta http-equiv="Content-Type" content="text/html;charset=utf-8" />
  <meta name='ocr-system' content='tesseract 3.04.00' />
  <meta name='ocr-capabilities' content='ocr_page ocr_carea ocr_par ocr_line ocrx_word'/>
</head>
<body>
  <div class='ocr_page' id='page_1' title='image "./bibliothecareru05jaffgoog_0059.png"; bbox 0 0 3117 4859; ppageno 0'>
   <div class='ocr_carea' id='block_1_1' title="bbox 375 271 1233 344">
    <p class='ocr_par' dir='ltr' id='par_1_1' title="bbox 375 271 1233 344">
     <span class='ocr_line' id='line_1_1' title="bbox 375 271 1233 344; baseline -0.007 0"><span class='ocrx_word' id='word_1_1' title='bbox 375 291 678 344; x_wconf 78' lang='lat' dir='ltr'>ouaosoonsnnne</span> <span class='ocrx_word' id='word_1_2' title='bbox 699 289 921 342; x_wconf 79' lang='lat' dir='ltr'>ooasnrmssrs</span> <span class='ocrx_word' id='word_1_3' title='bbox 1188 271 1233 339; x_wconf 76' lang='lat'>45</span> 
     </span>
    </p>
   </div>
   <div class='ocr_carea' id='block_1_2' title="bbox 3 433 1408 4300">
    <p class='ocr_par' dir='ltr' id='par_1_2' title="bbox 60 433 1321 2484">
     <span class='ocr_line' id='line_1_2' title="bbox 61 433 1321 525; baseline -0.004 -21"><span class='ocrx_word' id='word_1_4' title='bbox 61 440 221 525; x_wconf 71' lang='lat' dir='ltr'>potentem</span> <span class='ocrx_word' id='word_1_5' title='bbox 234 434 549 522; x_wconf 74' lang='lat' dir='ltr'>Suelenbmgensem</span> <span class='ocrx_word' id='word_1_6' title='bbox 583 435 665 503; x_wconf 87' lang='lat' dir='ltr'>Nam</span> <span class='ocrx_word' id='word_1_7' title='bbox 679 455 783 502; x_wconf 82' lang='lat' dir='ltr'>werra</span> <span class='ocrx_word' id='word_1_8' title='bbox 797 436 881 502; x_wconf 88' lang='lat' dir='ltr'>inter</span> <span class='ocrx_word' id='word_1_9' title='bbox 900 435 1007 522; x_wconf 88' lang='lat' dir='ltr'>ipsum</span> <span class='ocrx_word' id='word_1_10' title='bbox 1029 438 1062 501; x_wconf 90' lang='lat' dir='ltr'>et</span> <span class='ocrx_word' id='word_1_11' title='bbox 1082 434 1233 502; x_wconf 90' lang='lat' dir='ltr'>domnum</span> <span class='ocrx_word' id='word_1_12' title='bbox 1251 433 1321 492; x_wconf 70' lang='lat'>1145</span> 
     </span>
     <span class='ocr_line' id='line_1_3' title="bbox 60 549 1232 640; baseline -0.004 -19"><span class='ocrx_word' id='word_1_13' title='bbox 60 552 255 638; x_wconf 82' lang='lat' dir='ltr'>lleinrieum,</span> <span class='ocrx_word' id='word_1_14' title='bbox 277 549 380 620; x_wconf 83' lang='lat' dir='ltr'>filiae¹</span> <span class='ocrx_word' id='word_1_15' title='bbox 392 551 547 621; x_wconf 83' lang='lat' dir='ltr'>Friderioi</span> <span class='ocrx_word' id='word_1_16' title='bbox 567 552 716 640; x_wconf 88' lang='lat' dir='ltr'>premissi</span> <span class='ocrx_word' id='word_1_17' title='bbox 728 551 841 636; x_wconf 88' lang='lat' dir='ltr'>filium,</span> <span class='ocrx_word' id='word_1_18' title='bbox 862 551 901 618; x_wconf 90' lang='lat' dir='ltr'>de</span> <span class='ocrx_word' id='word_1_19' title='bbox 915 550 1097 634; x_wconf 84' lang='lat' dir='ltr'>Amesberg</span> <span class='ocrx_word' id='word_1_20' title='bbox 1112 549 1232 617; x_wconf 83' lang='lat' dir='ltr'>oborta</span> 
     </span>
     <span class='ocr_line' id='line_1_4' title="bbox 61 666 1233 754; baseline -0.003 -17"><span class='ocrx_word' id='word_1_21' title='bbox 61 669 159 748; x_wconf 79' lang='lat' dir='ltr'>Quem</span> <span class='ocrx_word' id='word_1_22' title='bbox 186 675 221 738; x_wconf 85' lang='lat' dir='ltr'>et</span> <span class='ocrx_word' id='word_1_23' title='bbox 247 669 369 737; x_wconf 87' lang='lat' dir='ltr'>inoolae</span> <span class='ocrx_word' id='word_1_24' title='bbox 396 671 513 736; x_wconf 87' lang='lat' dir='ltr'>montis</span> <span class='ocrx_word' id='word_1_25' title='bbox 534 668 697 754; x_wconf 75' lang='lat' dir='ltr'>Eresburg</span> <span class='ocrx_word' id='word_1_26' title='bbox 723 668 764 736; x_wconf 89' lang='lat' dir='ltr'>ad</span> <span class='ocrx_word' id='word_1_27' title='bbox 786 667 977 734; x_wconf 77' lang='lat' dir='ltr'>contuendos</span> <span class='ocrx_word' id='word_1_28' title='bbox 1005 685 1134 732; x_wconf 86' lang='lat' dir='ltr'>seeum</span> <span class='ocrx_word' id='word_1_29' title='bbox 1155 666 1233 734; x_wconf 86' lang='lat' dir='ltr'>urbe</span> 
     </span>
     <span class='ocr_line' id='line_1_5' title="bbox 62 781 1234 874; baseline -0.003 -22"><span class='ocrx_word' id='word_1_30' title='bbox 62 785 283 869; x_wconf 78' lang='lat' dir='ltr'>adtrnernnt3</span> <span class='ocrx_word' id='word_1_31' title='bbox 311 787 436 874; x_wconf 87' lang='lat' dir='ltr'>etipse</span> <span class='ocrx_word' id='word_1_32' title='bbox 456 786 555 853; x_wconf 87' lang='lat' dir='ltr'>fortes</span> <span class='ocrx_word' id='word_1_33' title='bbox 575 787 679 868; x_wconf 80' lang='lat' dir='ltr'>viros,</span> <span class='ocrx_word' id='word_1_34' title='bbox 702 784 833 852; x_wconf 90' lang='lat' dir='ltr'>domnos</span> <span class='ocrx_word' id='word_1_35' title='bbox 855 783 1002 852; x_wconf 79' lang='lat' dir='ltr'>videlieet</span> <span class='ocrx_word' id='word_1_36' title='bbox 1024 781 1234 850; x_wconf 82' lang='lat' dir='ltr'>Soerdenber-</span> 
     </span>
     <span class='ocr_line' id='line_1_6' title="bbox 61 897 1234 987; baseline -0.006 -16"><span class='ocrx_word' id='word_1_37' title='bbox 61 923 172 987; x_wconf 73' lang='lat' dir='ltr'>genses</span> <span class='ocrx_word' id='word_1_38' title='bbox 196 907 231 970; x_wconf 91' lang='lat' dir='ltr'>et</span> <span class='ocrx_word' id='word_1_39' title='bbox 244 902 501 987; x_wconf 77' lang='lat' dir='ltr'>Gasebergenses,</span> <span class='ocrx_word' id='word_1_40' title='bbox 523 902 604 970; x_wconf 86' lang='lat' dir='ltr'>inibi</span> <span class='ocrx_word' id='word_1_41' title='bbox 623 900 776 969; x_wconf 88' lang='lat' dir='ltr'>eollooare</span> <span class='ocrx_word' id='word_1_42' title='bbox 797 901 980 968; x_wconf 79' lang='lat' dir='ltr'>decreverat</span> <span class='ocrx_word' id='word_1_43' title='bbox 1002 899 1044 966; x_wconf 87' lang='lat' dir='ltr'>ad</span> <span class='ocrx_word' id='word_1_44' title='bbox 1063 897 1234 966; x_wconf 87' lang='lat' dir='ltr'>humilien-</span> 
     </span>
     <span class='ocr_line' id='line_1_7' title="bbox 62 1013 1235 1108; baseline -0.004 -22"><span class='ocrx_word' id='word_1_45' title='bbox 62 1019 134 1086; x_wconf 92' lang='lat' dir='ltr'>dum</span> <span class='ocrx_word' id='word_1_46' title='bbox 156 1021 266 1108; x_wconf 88' lang='lat' dir='ltr'>ipsum</span> <span class='ocrx_word' id='word_1_47' title='bbox 288 1017 512 1104; x_wconf 79' lang='lat' dir='ltr'>Wolewinum,</span> <span class='ocrx_word' id='word_1_48' title='bbox 541 1019 597 1105; x_wconf 89' lang='lat' dir='ltr'>qui</span> <span class='ocrx_word' id='word_1_49' title='bbox 623 1023 656 1086; x_wconf 89' lang='lat' dir='ltr'>et</span> <span class='ocrx_word' id='word_1_50' title='bbox 678 1018 708 1086; x_wconf 88' lang='lat' dir='ltr'>ei</span> <span class='ocrx_word' id='word_1_51' title='bbox 730 1016 919 1086; x_wconf 75' lang='lat' dir='ltr'>uidebantur</span> <span class='ocrx_word' id='word_1_52' title='bbox 939 1016 1106 1083; x_wconf 81' lang='lat' dir='ltr'>inimicari.</span> <span class='ocrx_word' id='word_1_53' title='bbox 1151 1013 1235 1082; x_wconf 83' lang='lat' dir='ltr'>Gon·</span> 
     </span>
     <span class='ocr_line' id='line_1_8' title="bbox 62 1131 1236 1223; baseline -0.003 -21"><span class='ocrx_word' id='word_1_54' title='bbox 62 1135 179 1202; x_wconf 79' lang='lat' dir='ltr'>dietm</span> <span class='ocrx_word' id='word_1_55' title='bbox 200 1156 278 1220; x_wconf 77' lang='lat' dir='ltr'>ergo</span> <span class='ocrx_word' id='word_1_56' title='bbox 300 1135 400 1221; x_wconf 72' lang='lat' dir='ltr'>dem,</span> <span class='ocrx_word' id='word_1_57' title='bbox 423 1136 549 1223; x_wconf 77' lang='lat' dir='ltr'>quando</span> <span class='ocrx_word' id='word_1_58' title='bbox 571 1140 604 1202; x_wconf 91' lang='lat' dir='ltr'>et</span> <span class='ocrx_word' id='word_1_59' title='bbox 625 1135 792 1202; x_wconf 79' lang='lat' dir='ltr'>convenire</span> <span class='ocrx_word' id='word_1_60' title='bbox 813 1135 848 1200; x_wconf 89' lang='lat' dir='ltr'>in</span> <span class='ocrx_word' id='word_1_61' title='bbox 869 1139 977 1200; x_wconf 91' lang='lat' dir='ltr'>monte</span> <span class='ocrx_word' id='word_1_62' title='bbox 999 1131 1169 1215; x_wconf 84' lang='lat' dir='ltr'>debebant,</span> <span class='ocrx_word' id='word_1_63' title='bbox 1197 1135 1236 1198; x_wconf 91' lang='lat' dir='ltr'>ut</span> 
     </span>
     <span class='ocr_line' id='line_1_9' title="bbox 61 1249 1233 1339; baseline -0.003 -21"><span class='ocrx_word' id='word_1_64' title='bbox 61 1253 278 1339; x_wconf 84' lang='lat' dir='ltr'>unusquisque</span> <span class='ocrx_word' id='word_1_65' title='bbox 304 1273 396 1320; x_wconf 87' lang='lat' dir='ltr'>suam</span> <span class='ocrx_word' id='word_1_66' title='bbox 421 1253 537 1319; x_wconf 89' lang='lat' dir='ltr'>turrim</span> <span class='ocrx_word' id='word_1_67' title='bbox 566 1251 664 1319; x_wconf 87' lang='lat' dir='ltr'>altam</span> <span class='ocrx_word' id='word_1_68' title='bbox 696 1257 729 1319; x_wconf 92' lang='lat' dir='ltr'>et</span> <span class='ocrx_word' id='word_1_69' title='bbox 761 1250 886 1318; x_wconf 87' lang='lat' dir='ltr'>firmem</span> <span class='ocrx_word' id='word_1_70' title='bbox 915 1249 995 1316; x_wconf 91' lang='lat' dir='ltr'>inibi</span> <span class='ocrx_word' id='word_1_71' title='bbox 1028 1252 1233 1332; x_wconf 70' lang='lat' dir='ltr'>construeret,</span> 
     </span>
     <span class='ocr_line' id='line_1_10' title="bbox 63 1364 1234 1454; baseline -0.005 -18"><span class='ocrx_word' id='word_1_72' title='bbox 63 1368 195 1436; x_wconf 82' lang='lat' dir='ltr'>domnus</span> <span class='ocrx_word' id='word_1_73' title='bbox 209 1367 378 1436; x_wconf 87' lang='lat' dir='ltr'>Heinrious</span> <span class='ocrx_word' id='word_1_74' title='bbox 393 1368 490 1437; x_wconf 84' lang='lat' dir='ltr'>abhus</span> <span class='ocrx_word' id='word_1_75' title='bbox 512 1368 568 1454; x_wconf 90' lang='lat' dir='ltr'>qui</span> <span class='ocrx_word' id='word_1_76' title='bbox 589 1374 623 1436; x_wconf 90' lang='lat' dir='ltr'>et</span> <span class='ocrx_word' id='word_1_77' title='bbox 643 1368 754 1436; x_wconf 88' lang='lat' dir='ltr'>urbem</span> <span class='ocrx_word' id='word_1_78' title='bbox 776 1365 1024 1435; x_wconf 85' lang='lat' dir='ltr'>reediffioeverat</span> <span class='ocrx_word' id='word_1_79' title='bbox 1046 1370 1080 1432; x_wconf 90' lang='lat' dir='ltr'>et</span> <span class='ocrx_word' id='word_1_80' title='bbox 1100 1364 1234 1432; x_wconf 88' lang='lat' dir='ltr'>domnus</span> 
     </span>
     <span class='ocr_line' id='line_1_11' title="bbox 62 1483 1235 1570; baseline -0.004 -18"><span class='ocrx_word' id='word_1_81' title='bbox 62 1485 244 1553; x_wconf 75' lang='lat' dir='ltr'>iolowinus</span> <span class='ocrx_word' id='word_1_82' title='bbox 260 1521 304 1532; x_wconf 96' lang='lat'>-</span> <span class='ocrx_word' id='word_1_83' title='bbox 322 1485 520 1553; x_wconf 82' lang='lat' dir='ltr'>animotenus</span> <span class='ocrx_word' id='word_1_84' title='bbox 540 1489 761 1570; x_wconf 83' lang='lat' dir='ltr'>retraetantes,</span> <span class='ocrx_word' id='word_1_85' title='bbox 784 1485 940 1552; x_wconf 83' lang='lat' dir='ltr'>iaeturam</span> <span class='ocrx_word' id='word_1_86' title='bbox 961 1483 1078 1550; x_wconf 79' lang='lat' dir='ltr'>ditioni</span> <span class='ocrx_word' id='word_1_87' title='bbox 1100 1499 1175 1548; x_wconf 86' lang='lat' dir='ltr'>snae</span> <span class='ocrx_word' id='word_1_88' title='bbox 1197 1499 1235 1548; x_wconf 88' lang='lat' dir='ltr'>ao</span> 
     </span>
     <span class='ocr_line' id='line_1_12' title="bbox 63 1597 1235 1684; baseline -0.003 -16"><span class='ocrx_word' id='word_1_89' title='bbox 63 1601 356 1670; x_wconf 76' lang='lat' dir='ltr'>ameumiaoentibus</span> <span class='ocrx_word' id='word_1_90' title='bbox 377 1601 442 1669; x_wconf 86' lang='lat' dir='ltr'>late</span> <span class='ocrx_word' id='word_1_91' title='bbox 463 1600 554 1668; x_wconf 87' lang='lat' dir='ltr'>bonis</span> <span class='ocrx_word' id='word_1_92' title='bbox 576 1602 642 1669; x_wconf 91' lang='lat' dir='ltr'>suis</span> <span class='ocrx_word' id='word_1_93' title='bbox 662 1601 702 1669; x_wconf 90' lang='lat' dir='ltr'>de</span> <span class='ocrx_word' id='word_1_94' title='bbox 722 1601 773 1669; x_wconf 88' lang='lat' dir='ltr'>his</span> <span class='ocrx_word' id='word_1_95' title='bbox 794 1606 978 1669; x_wconf 83' lang='lat' dir='ltr'>euenturum</span> <span class='ocrx_word' id='word_1_96' title='bbox 993 1635 1035 1646; x_wconf 86' lang='lat'><em>-</em></span> <span class='ocrx_word' id='word_1_97' title='bbox 1059 1597 1144 1666; x_wconf 90' lang='lat' dir='ltr'>diem</span> <span class='ocrx_word' id='word_1_98' title='bbox 1163 1617 1235 1684; x_wconf 88' lang='lat' dir='ltr'>pro-</span> 
     </span>
     <span class='ocr_line' id='line_1_13' title="bbox 63 1716 1235 1805; baseline -0.004 -19"><span class='ocrx_word' id='word_1_99' title='bbox 63 1723 234 1803; x_wconf 80' lang='lat' dir='ltr'>venerunt,</span> <span class='ocrx_word' id='word_1_100' title='bbox 256 1723 397 1786; x_wconf 87' lang='lat' dir='ltr'>montem</span> <span class='ocrx_word' id='word_1_101' title='bbox 419 1717 644 1802; x_wconf 76' lang='lat' dir='ltr'>ascenderunt,</span> <span class='ocrx_word' id='word_1_102' title='bbox 667 1719 743 1804; x_wconf 89' lang='lat' dir='ltr'>quid</span> <span class='ocrx_word' id='word_1_103' title='bbox 764 1719 848 1785; x_wconf 81' lang='lat' dir='ltr'>teoto</span> <span class='ocrx_word' id='word_1_104' title='bbox 871 1737 950 1805; x_wconf 85' lang='lat' dir='ltr'>opus</span> <span class='ocrx_word' id='word_1_105' title='bbox 972 1716 1055 1783; x_wconf 82' lang='lat' dir='ltr'>foret</span> <span class='ocrx_word' id='word_1_106' title='bbox 1076 1735 1148 1783; x_wconf 90' lang='lat' dir='ltr'>oum</span> <span class='ocrx_word' id='word_1_107' title='bbox 1170 1735 1235 1782; x_wconf 90' lang='lat' dir='ltr'>non</span> 
     </span>
     <span class='ocr_line' id='line_1_14' title="bbox 63 1831 1236 1922; baseline -0.003 -21"><span class='ocrx_word' id='word_1_108' title='bbox 63 1836 278 1922; x_wconf 75' lang='lat' dir='ltr'>repperirent,</span> <span class='ocrx_word' id='word_1_109' title='bbox 306 1840 375 1902; x_wconf 88' lang='lat' dir='ltr'>tota</span> <span class='ocrx_word' id='word_1_110' title='bbox 400 1833 454 1902; x_wconf 91' lang='lat' dir='ltr'>die</span> <span class='ocrx_word' id='word_1_111' title='bbox 479 1833 536 1902; x_wconf 89' lang='lat' dir='ltr'>illa</span> <span class='ocrx_word' id='word_1_112' title='bbox 558 1833 787 1920; x_wconf 90' lang='lat' dir='ltr'>oonsultantes,</span> <span class='ocrx_word' id='word_1_113' title='bbox 818 1839 854 1902; x_wconf 91' lang='lat' dir='ltr'>ut</span> <span class='ocrx_word' id='word_1_114' title='bbox 876 1835 944 1901; x_wconf 88' lang='lat' dir='ltr'>sine</span> <span class='ocrx_word' id='word_1_115' title='bbox 966 1831 1076 1921; x_wconf 90' lang='lat' dir='ltr'>populi</span> <span class='ocrx_word' id='word_1_116' title='bbox 1098 1832 1236 1920; x_wconf 83' lang='lat' dir='ltr'>dampno</span> 
     </span>
     <span class='ocr_line' id='line_1_15' title="bbox 64 1947 1237 2037; baseline -0.003 -18"><span class='ocrx_word' id='word_1_117' title='bbox 64 1951 270 2019; x_wconf 78' lang='lat' dir='ltr'>inhabitantis</span> <span class='ocrx_word' id='word_1_118' title='bbox 282 1949 354 2018; x_wconf 89' lang='lat' dir='ltr'>lieri</span> <span class='ocrx_word' id='word_1_119' title='bbox 367 1949 526 2019; x_wconf 74' lang='lat' dir='ltr'>dilatem</span> <span class='ocrx_word' id='word_1_120' title='bbox 539 1956 658 2037; x_wconf 85' lang='lat' dir='ltr'>posset,</span> <span class='ocrx_word' id='word_1_121' title='bbox 671 1951 707 2017; x_wconf 92' lang='lat' dir='ltr'>in</span> <span class='ocrx_word' id='word_1_122' title='bbox 723 1951 896 2018; x_wconf 84' lang='lat' dir='ltr'>mustinum</span> <span class='ocrx_word' id='word_1_123' title='bbox 912 1949 1111 2018; x_wconf 88' lang='lat' dir='ltr'>distulerunt.</span> <span class='ocrx_word' id='word_1_124' title='bbox 1140 1947 1237 2016; x_wconf 82' lang='lat' dir='ltr'>Gum-</span> 
     </span>
     <span class='ocr_line' id='line_1_16' title="bbox 65 2066 1237 2154; baseline -0.003 -20"><span class='ocrx_word' id='word_1_125' title='bbox 65 2087 123 2153; x_wconf 84' lang='lat' dir='ltr'>que</span> <span class='ocrx_word' id='word_1_126' title='bbox 146 2067 196 2135; x_wconf 88' lang='lat' dir='ltr'>sol</span> <span class='ocrx_word' id='word_1_127' title='bbox 217 2067 437 2154; x_wconf 88' lang='lat' dir='ltr'>subsequentis</span> <span class='ocrx_word' id='word_1_128' title='bbox 465 2068 529 2135; x_wconf 88' lang='lat' dir='ltr'>diei</span> <span class='ocrx_word' id='word_1_129' title='bbox 558 2088 671 2135; x_wconf 84' lang='lat' dir='ltr'>aurore</span> <span class='ocrx_word' id='word_1_130' title='bbox 697 2067 814 2134; x_wconf 89' lang='lat' dir='ltr'>indioio</span> <span class='ocrx_word' id='word_1_131' title='bbox 837 2087 871 2134; x_wconf 92' lang='lat' dir='ltr'>se</span> <span class='ocrx_word' id='word_1_132' title='bbox 892 2066 1099 2154; x_wconf 77' lang='lat' dir='ltr'>prodidisset,</span> <span class='ocrx_word' id='word_1_133' title='bbox 1127 2066 1237 2132; x_wconf 90' lang='lat' dir='ltr'>inoon·</span> 
     </span>
     <span class='ocr_line' id='line_1_17' title="bbox 65 2181 1236 2270; baseline -0.002 -20"><span class='ocrx_word' id='word_1_134' title='bbox 65 2183 147 2250; x_wconf 90' lang='lat' dir='ltr'>sulto</span> <span class='ocrx_word' id='word_1_135' title='bbox 173 2191 208 2252; x_wconf 90' lang='lat' dir='ltr'>et</span> <span class='ocrx_word' id='word_1_136' title='bbox 234 2184 335 2250; x_wconf 90' lang='lat' dir='ltr'>insoio</span> <span class='ocrx_word' id='word_1_137' title='bbox 363 2183 476 2252; x_wconf 82' lang='lat' dir='ltr'>abbate</span> <span class='ocrx_word' id='word_1_138' title='bbox 503 2183 605 2251; x_wconf 82' lang='lat' dir='ltr'>adhue</span> <span class='ocrx_word' id='word_1_139' title='bbox 626 2184 724 2251; x_wconf 87' lang='lat' dir='ltr'>etiam</span> <span class='ocrx_word' id='word_1_140' title='bbox 745 2190 778 2251; x_wconf 84' lang='lat' dir='ltr'>et</span> <span class='ocrx_word' id='word_1_141' title='bbox 800 2183 1005 2268; x_wconf 77' lang='lat' dir='ltr'>dormitante,</span> <span class='ocrx_word' id='word_1_142' title='bbox 1031 2202 1090 2270; x_wconf 88' lang='lat' dir='ltr'>per</span> <span class='ocrx_word' id='word_1_143' title='bbox 1118 2181 1236 2248; x_wconf 78' lang='lat' dir='ltr'>milites</span> 
     </span>
     <span class='ocr_line' id='line_1_18' title="bbox 65 2298 1238 2388; baseline 0 -22"><span class='ocrx_word' id='word_1_144' title='bbox 65 2299 173 2366; x_wconf 91' lang='lat' dir='ltr'>domni</span> <span class='ocrx_word' id='word_1_145' title='bbox 193 2298 350 2368; x_wconf 81' lang='lat' dir='ltr'>Volowini</span> <span class='ocrx_word' id='word_1_146' title='bbox 375 2304 456 2368; x_wconf 92' lang='lat' dir='ltr'>nutu</span> <span class='ocrx_word' id='word_1_147' title='bbox 482 2301 583 2388; x_wconf 91' lang='lat' dir='ltr'>ipsius</span> <span class='ocrx_word' id='word_1_148' title='bbox 609 2300 852 2387; x_wconf 82' lang='lat' dir='ltr'>oiroumquaque</span> <span class='ocrx_word' id='word_1_149' title='bbox 878 2300 955 2369; x_wconf 90' lang='lat' dir='ltr'>urbs</span> <span class='ocrx_word' id='word_1_150' title='bbox 983 2299 1183 2368; x_wconf 89' lang='lat' dir='ltr'>suooenditur</span> <span class='ocrx_word' id='word_1_151' title='bbox 1203 2303 1238 2368; x_wconf 90' lang='lat' dir='ltr'>et</span> 
     </span>
     <span class='ocr_line' id='line_1_19' title="bbox 66 2416 269 2484; baseline -0.01 0"><span class='ocrx_word' id='word_1_152' title='bbox 66 2416 269 2484; x_wconf 85' lang='lat' dir='ltr'>eonsumitur.</span> 
     </span>
    </p>

    <p class='ocr_par' dir='ltr' id='par_1_3' title="bbox 152 2531 1237 2620">
     <span class='ocr_line' id='line_1_20' title="bbox 152 2531 1237 2620; baseline 0 -20"><span class='ocrx_word' id='word_1_153' title='bbox 152 2533 275 2600; x_wconf 84' lang='lat' dir='ltr'>Eodem</span> <span class='ocrx_word' id='word_1_154' title='bbox 298 2553 382 2599; x_wconf 81' lang='lat' dir='ltr'>anno</span> <span class='ocrx_word' id='word_1_155' title='bbox 401 2533 503 2599; x_wconf 80' lang='lat' dir='ltr'>fames</span> <span class='ocrx_word' id='word_1_156' title='bbox 525 2553 647 2620; x_wconf 85' lang='lat' dir='ltr'>aspera</span> <span class='ocrx_word' id='word_1_157' title='bbox 715 2531 759 2599; x_wconf 82' lang='lat' dir='ltr'>Iit</span> <span class='ocrx_word' id='word_1_158' title='bbox 778 2533 865 2600; x_wconf 84' lang='lat' dir='ltr'>iures</span> <span class='ocrx_word' id='word_1_159' title='bbox 888 2531 1004 2619; x_wconf 89' lang='lat' dir='ltr'>plures,</span> <span class='ocrx_word' id='word_1_160' title='bbox 1028 2553 1067 2600; x_wconf 86' lang='lat' dir='ltr'>ex</span> <span class='ocrx_word' id='word_1_161' title='bbox 1082 2532 1237 2600; x_wconf 90' lang='lat' dir='ltr'>militibus</span> 
     </span>
    </p>

    <p class='ocr_par' dir='ltr' id='par_1_4' title="bbox 3 2647 1239 2969">
     <span class='ocr_line' id='line_1_21' title="bbox 3 2647 1238 2737; baseline 0.001 -22"><span class='ocrx_word' id='word_1_162' title='bbox 3 2726 4 2735; x_wconf 8' lang='grc' dir='ltr'>ἵ</span> <span class='ocrx_word' id='word_1_163' title='bbox 67 2648 248 2716; x_wconf 79' lang='lat' dir='ltr'>tortioribus</span> <span class='ocrx_word' id='word_1_164' title='bbox 273 2648 410 2716; x_wconf 80' lang='lat' dir='ltr'>faotione</span> <span class='ocrx_word' id='word_1_165' title='bbox 436 2649 615 2737; x_wconf 89' lang='lat' dir='ltr'>pernioiosa</span> <span class='ocrx_word' id='word_1_166' title='bbox 641 2647 836 2734; x_wconf 76' lang='lat' dir='ltr'>conglobati,</span> <span class='ocrx_word' id='word_1_167' title='bbox 864 2648 981 2716; x_wconf 89' lang='lat' dir='ltr'>multos</span> <span class='ocrx_word' id='word_1_168' title='bbox 1008 2649 1043 2715; x_wconf 93' lang='lat' dir='ltr'>in</span> <span class='ocrx_word' id='word_1_169' title='bbox 1070 2649 1129 2716; x_wconf 85' lang='lat' dir='ltr'>hae</span> <span class='ocrx_word' id='word_1_170' title='bbox 1150 2654 1238 2716; x_wconf 88' lang='lat' dir='ltr'>terra</span> 
     </span>
     <span class='ocr_line' id='line_1_22' title="bbox 67 2763 1239 2853; baseline -0.001 -20"><span class='ocrx_word' id='word_1_171' title='bbox 67 2765 176 2833; x_wconf 90' lang='lat' dir='ltr'>durius</span> <span class='ocrx_word' id='word_1_172' title='bbox 204 2765 371 2850; x_wconf 79' lang='lat' dir='ltr'>ungebant</span> <span class='ocrx_word' id='word_1_173' title='bbox 414 2765 558 2851; x_wconf 87' lang='lat' dir='ltr'>Denique</span> <span class='ocrx_word' id='word_1_174' title='bbox 581 2765 773 2833; x_wconf 72' lang='lat' dir='ltr'>vuldensem</span> <span class='ocrx_word' id='word_1_175' title='bbox 801 2763 965 2832; x_wconf 88' lang='lat' dir='ltr'>eoolesiam</span> <span class='ocrx_word' id='word_1_176' title='bbox 987 2770 1098 2853; x_wconf 88' lang='lat' dir='ltr'>patera</span> <span class='ocrx_word' id='word_1_177' title='bbox 1118 2764 1239 2832; x_wconf 82' lang='lat' dir='ltr'>liuthe-</span> 
     </span>
     <span class='ocr_line' id='line_1_23' title="bbox 4 2878 1238 2969; baseline -0.006 -14"><span class='ocrx_word' id='word_1_178' title='bbox 4 2950 5 2955; x_wconf 75' lang='grc'>,</span> <span class='ocrx_word' id='word_1_179' title='bbox 68 2878 166 2950; x_wconf 81' lang='lat' dir='ltr'>mari¹</span> <span class='ocrx_word' id='word_1_180' title='bbox 189 2887 222 2949; x_wconf 88' lang='lat' dir='ltr'>et</span> <span class='ocrx_word' id='word_1_181' title='bbox 246 2881 356 2948; x_wconf 88' lang='lat' dir='ltr'>multis</span> <span class='ocrx_word' id='word_1_182' title='bbox 376 2881 535 2950; x_wconf 75' lang='lat' dir='ltr'>thesauris</span> <span class='ocrx_word' id='word_1_183' title='bbox 557 2881 750 2969; x_wconf 74' lang='lat' dir='ltr'>spoliabant,</span> <span class='ocrx_word' id='word_1_184' title='bbox 779 2886 813 2950; x_wconf 89' lang='lat' dir='ltr'>et</span> <span class='ocrx_word' id='word_1_185' title='bbox 833 2901 896 2948; x_wconf 92' lang='lat' dir='ltr'>non</span> <span class='ocrx_word' id='word_1_186' title='bbox 918 2881 1021 2948; x_wconf 89' lang='lat' dir='ltr'>nullas</span> <span class='ocrx_word' id='word_1_187' title='bbox 1044 2881 1123 2948; x_wconf 82' lang='lat' dir='ltr'>elias</span> <span class='ocrx_word' id='word_1_188' title='bbox 1145 2882 1238 2948; x_wconf 89' lang='lat' dir='ltr'>huius</span> 
     </span>
    </p>

    <p class='ocr_par' dir='ltr' id='par_1_5' title="bbox 69 2997 1408 3902">
     <span class='ocr_line' id='line_1_24' title="bbox 69 2997 1240 3087; baseline -0.001 -21"><span class='ocrx_word' id='word_1_189' title='bbox 69 3002 169 3066; x_wconf 83' lang='lat' dir='ltr'>terrae</span> <span class='ocrx_word' id='word_1_190' title='bbox 198 2998 363 3066; x_wconf 82' lang='lat' dir='ltr'>ecelesias·</span> <span class='ocrx_word' id='word_1_191' title='bbox 384 2999 478 3066; x_wconf 86' lang='lat' dir='ltr'>rebus</span> <span class='ocrx_word' id='word_1_192' title='bbox 503 2999 642 3087; x_wconf 90' lang='lat' dir='ltr'>propriis</span> <span class='ocrx_word' id='word_1_193' title='bbox 665 3003 698 3066; x_wconf 90' lang='lat' dir='ltr'>et</span> <span class='ocrx_word' id='word_1_194' title='bbox 719 2998 765 3066; x_wconf 91' lang='lat' dir='ltr'>eis</span> <span class='ocrx_word' id='word_1_195' title='bbox 790 2998 916 3065; x_wconf 83' lang='lat' dir='ltr'>aliunde</span> <span class='ocrx_word' id='word_1_196' title='bbox 939 2997 1036 3065; x_wconf 86' lang='lat' dir='ltr'>illatis</span> <span class='ocrx_word' id='word_1_197' title='bbox 1059 2999 1143 3066; x_wconf 88' lang='lat' dir='ltr'>idem</span> <span class='ocrx_word' id='word_1_198' title='bbox 1165 3019 1240 3086; x_wconf 92' lang='lat' dir='ltr'>pre-</span> 
     </span>
     <span class='ocr_line' id='line_1_25' title="bbox 70 3113 1238 3202; baseline 0.002 -22"><span class='ocrx_word' id='word_1_199' title='bbox 70 3114 164 3181; x_wconf 90' lang='lat' dir='ltr'>dones</span> <span class='ocrx_word' id='word_1_200' title='bbox 186 3115 238 3182; x_wconf 85' lang='lat' dir='ltr'>vel</span> <span class='ocrx_word' id='word_1_201' title='bbox 259 3115 345 3182; x_wconf 83' lang='lat' dir='ltr'>iures</span> <span class='ocrx_word' id='word_1_202' title='bbox 367 3115 552 3202; x_wconf 77' lang='lat' dir='ltr'>privabant3</span> <span class='ocrx_word' id='word_1_203' title='bbox 575 3116 658 3182; x_wconf 90' lang='lat' dir='ltr'>siout</span> <span class='ocrx_word' id='word_1_204' title='bbox 678 3120 712 3182; x_wconf 91' lang='lat' dir='ltr'>et</span> <span class='ocrx_word' id='word_1_205' title='bbox 731 3114 786 3181; x_wconf 70' lang='lat' dir='ltr'>in*</span> <span class='ocrx_word' id='word_1_206' title='bbox 808 3114 889 3181; x_wconf 86' lang='lat' dir='ltr'>hano</span> <span class='ocrx_word' id='word_1_207' title='bbox 904 3113 1125 3183; x_wconf 84' lang='lat' dir='ltr'>Gorbeiensem</span> <span class='ocrx_word' id='word_1_208' title='bbox 1145 3115 1238 3184; x_wconf 88' lang='lat' dir='ltr'>feois·</span> 
     </span>
     <span class='ocr_line' id='line_1_26' title="bbox 71 3230 1238 3319; baseline 0.001 -21"><span class='ocrx_word' id='word_1_209' title='bbox 71 3236 147 3316; x_wconf 81' lang='lat' dir='ltr'>sent,</span> <span class='ocrx_word' id='word_1_210' title='bbox 169 3232 234 3298; x_wconf 91' lang='lat' dir='ltr'>nisi</span> <span class='ocrx_word' id='word_1_211' title='bbox 256 3236 289 3298; x_wconf 92' lang='lat' dir='ltr'>et</span> <span class='ocrx_word' id='word_1_212' title='bbox 309 3231 501 3299; x_wconf 84' lang='lat' dir='ltr'>oonsolatrix</span> <span class='ocrx_word' id='word_1_213' title='bbox 525 3237 557 3298; x_wconf 91' lang='lat' dir='ltr'>et</span> <span class='ocrx_word' id='word_1_214' title='bbox 578 3230 717 3298; x_wconf 86' lang='lat' dir='ltr'>adiutrix</span> <span class='ocrx_word' id='word_1_215' title='bbox 739 3231 848 3298; x_wconf 86' lang='lat' dir='ltr'>divina</span> <span class='ocrx_word' id='word_1_216' title='bbox 870 3233 972 3316; x_wconf 79' lang='lat' dir='ltr'>gratie</span> <span class='ocrx_word' id='word_1_217' title='bbox 987 3237 1019 3299; x_wconf 89' lang='lat' dir='ltr'>et</span> <span class='ocrx_word' id='word_1_218' title='bbox 1032 3238 1238 3319; x_wconf 85' lang='lat' dir='ltr'>patronorum</span> 
     </span>
     <span class='ocr_line' id='line_1_27' title="bbox 70 3347 1240 3436; baseline 0.002 -22"><span class='ocrx_word' id='word_1_219' title='bbox 70 3353 247 3414; x_wconf 75' lang='lat' dir='ltr'>nosuorum</span> <span class='ocrx_word' id='word_1_220' title='bbox 267 3347 580 3432; x_wconf 78' lang='lat' dir='ltr'>megniiioentissima</span> <span class='ocrx_word' id='word_1_221' title='bbox 599 3349 714 3415; x_wconf 88' lang='lat' dir='ltr'>merita</span> <span class='ocrx_word' id='word_1_222' title='bbox 736 3351 768 3414; x_wconf 92' lang='lat' dir='ltr'>et</span> <span class='ocrx_word' id='word_1_223' title='bbox 790 3354 970 3416; x_wconf 81' lang='lat' dir='ltr'>sanctornm</span> <span class='ocrx_word' id='word_1_224' title='bbox 991 3349 1138 3436; x_wconf 78' lang='lat' dir='ltr'>pignere,</span> <span class='ocrx_word' id='word_1_225' title='bbox 1162 3369 1240 3435; x_wconf 92' lang='lat' dir='ltr'>quo-</span> 
     </span>
     <span class='ocr_line' id='line_1_28' title="bbox 70 3463 1238 3549; baseline 0.002 -19"><span class='ocrx_word' id='word_1_226' title='bbox 70 3484 140 3530; x_wconf 94' lang='lat' dir='ltr'>rum</span> <span class='ocrx_word' id='word_1_227' title='bbox 161 3463 213 3532; x_wconf 85' lang='lat' dir='ltr'>lrio</span> <span class='ocrx_word' id='word_1_228' title='bbox 234 3465 391 3532; x_wconf 83' lang='lat' dir='ltr'>habentur</span> <span class='ocrx_word' id='word_1_229' title='bbox 413 3464 690 3549; x_wconf 83' lang='lat' dir='ltr'>abundantissime,</span> <span class='ocrx_word' id='word_1_230' title='bbox 714 3483 773 3530; x_wconf 89' lang='lat' dir='ltr'>nos</span> <span class='ocrx_word' id='word_1_231' title='bbox 797 3463 1006 3532; x_wconf 61' lang='lat' dir='ltr'>adiuvarent.</span> <span class='ocrx_word' id='word_1_232' title='bbox 1044 3466 1126 3533; x_wconf 83' lang='lat' dir='ltr'>Nam</span> <span class='ocrx_word' id='word_1_233' title='bbox 1153 3465 1238 3532; x_wconf 89' lang='grc'><strong>1146</strong></span> 
     </span>
     <span class='ocr_line' id='line_1_29' title="bbox 73 3575 1408 3668; baseline -0.006 -20"><span class='ocrx_word' id='word_1_234' title='bbox 73 3599 153 3648; x_wconf 82' lang='lat' dir='ltr'>enno</span> <span class='ocrx_word' id='word_1_235' title='bbox 184 3580 361 3648; x_wconf 79' lang='lat' dir='ltr'>dominicae</span> <span class='ocrx_word' id='word_1_236' title='bbox 392 3581 635 3666; x_wconf 85' lang='lat' dir='ltr'>inoametionis,</span> <span class='ocrx_word' id='word_1_237' title='bbox 669 3581 808 3648; x_wconf 83' lang='lat' dir='ltr'>seeundo</span> <span class='ocrx_word' id='word_1_238' title='bbox 841 3575 949 3648; x_wconf 83' lang='lat' dir='ltr'>noete⁸</span> <span class='ocrx_word' id='word_1_239' title='bbox 977 3617 1020 3628; x_wconf 87' lang='lat'>-</span> <span class='ocrx_word' id='word_1_240' title='bbox 1050 3581 1174 3668; x_wconf 89' lang='lat' dir='ltr'>quondo</span> <span class='ocrx_word' id='word_1_241' title='bbox 1207 3586 1408 3649; x_wconf 68' lang='lat' dir='ltr'>elusone-se</span> 
     </span>
     <span class='ocr_line' id='line_1_30' title="bbox 74 3697 1239 3785; baseline 0.003 -22"><span class='ocrx_word' id='word_1_242' title='bbox 74 3715 177 3764; x_wconf 88' lang='lat' dir='ltr'>omnes</span> <span class='ocrx_word' id='word_1_243' title='bbox 198 3717 280 3784; x_wconf 91' lang='lat' dir='ltr'>pene</span> <span class='ocrx_word' id='word_1_244' title='bbox 303 3717 413 3764; x_wconf 91' lang='lat' dir='ltr'>somno</span> <span class='ocrx_word' id='word_1_245' title='bbox 435 3698 508 3785; x_wconf 92' lang='lat' dir='ltr'>plus</span> <span class='ocrx_word' id='word_1_246' title='bbox 530 3703 656 3782; x_wconf 81' lang='lat' dir='ltr'>egentes</span> <span class='ocrx_word' id='word_1_247' title='bbox 678 3703 836 3765; x_wconf 89' lang='lat' dir='ltr'>nostretes</span> <span class='ocrx_word' id='word_1_248' title='bbox 859 3697 899 3764; x_wconf 92' lang='lat' dir='ltr'>ob</span> <span class='ocrx_word' id='word_1_249' title='bbox 921 3697 1126 3785; x_wconf 86' lang='lat' dir='ltr'>prolixiorem</span> <span class='ocrx_word' id='word_1_250' title='bbox 1141 3697 1239 3767; x_wconf 85' lang='lat' dir='ltr'>serri-</span> 
     </span>
     <span class='ocr_line' id='line_1_31' title="bbox 73 3810 1239 3902; baseline 0.002 -21"><span class='ocrx_word' id='word_1_251' title='bbox 73 3813 164 3881; x_wconf 89' lang='lat' dir='ltr'>minis</span> <span class='ocrx_word' id='word_1_252' title='bbox 186 3813 316 3881; x_wconf 89' lang='lat' dir='ltr'>Domini</span> <span class='ocrx_word' id='word_1_253' title='bbox 336 3813 479 3899; x_wconf 87' lang='lat' dir='ltr'>leudem,</span> <span class='ocrx_word' id='word_1_254' title='bbox 508 3834 570 3900; x_wconf 85' lang='lat' dir='ltr'>que</span> <span class='ocrx_word' id='word_1_255' title='bbox 594 3815 711 3900; x_wconf 90' lang='lat' dir='ltr'>prioris</span> <span class='ocrx_word' id='word_1_256' title='bbox 731 3810 852 3882; x_wconf 86' lang='lat' dir='ltr'>noetis‘</span> <span class='ocrx_word' id='word_1_257' title='bbox 873 3815 1119 3902; x_wconf 87' lang='lat' dir='ltr'>oportunitatem</span> <span class='ocrx_word' id='word_1_258' title='bbox 1147 3815 1239 3883; x_wconf 86' lang='lat' dir='ltr'>intri-</span> 
     </span>
    </p>

    <p class='ocr_par' dir='ltr' id='par_1_6' title="bbox 138 3956 925 4006">
     <span class='ocr_line' id='line_1_32' title="bbox 138 3956 925 4006; baseline 0.001 -2"><span class='ocrx_word' id='word_1_259' title='bbox 138 3963 163 4004; x_wconf 73' lang='grc' dir='ltr'>ἰ</span> <span class='ocrx_word' id='word_1_260' title='bbox 179 3956 288 4004; x_wconf 61' lang='lat' dir='ltr'>salesius</span> <span class='ocrx_word' id='word_1_261' title='bbox 304 3957 396 4005; x_wconf 70' lang='lat' dir='ltr'>addidi.</span> <span class='ocrx_word' id='word_1_262' title='bbox 456 3957 481 4004; x_wconf 83' lang='lat' dir='ltr'>b.</span> <span class='ocrx_word' id='word_1_263' title='bbox 496 3957 521 4004; x_wconf 92' lang='lat' dir='ltr'>in</span> <span class='ocrx_word' id='word_1_264' title='bbox 536 3957 629 4006; x_wconf 71' lang='lat' dir='ltr'>addidi</span> <span class='ocrx_word' id='word_1_265' title='bbox 690 3971 711 4004; x_wconf 74' lang='grc' dir='ltr'>ο.</span> <span class='ocrx_word' id='word_1_266' title='bbox 726 3957 890 4005; x_wconf 75' lang='lat' dir='ltr'>adadiurtreut</span> <span class='ocrx_word' id='word_1_267' title='bbox 905 3975 925 4005; x_wconf 80' lang='lat' dir='ltr'>e.</span> 
     </span>
    </p>

    <p class='ocr_par' dir='ltr' id='par_1_7' title="bbox 77 4049 1241 4300">
     <span class='ocr_line' id='line_1_33' title="bbox 143 4049 1241 4122; baseline 0.001 -15"><span class='ocrx_word' id='word_1_268' title='bbox 143 4054 167 4109; x_wconf 90' lang='lat'>1.</span> <span class='ocrx_word' id='word_1_269' title='bbox 189 4050 323 4122; x_wconf 77' lang='lat' dir='ltr'>Sophias,</span> <span class='ocrx_word' id='word_1_270' title='bbox 346 4051 441 4109; x_wconf 86' lang='lat' dir='ltr'>uxoris</span> <span class='ocrx_word' id='word_1_271' title='bbox 458 4049 604 4109; x_wconf 78' lang='lat' dir='ltr'>(iodeiridi</span> <span class='ocrx_word' id='word_1_272' title='bbox 621 4052 634 4108; x_wconf 93' lang='lat' dir='ltr'>l</span> <span class='ocrx_word' id='word_1_273' title='bbox 656 4052 767 4109; x_wconf 87' lang='lat' dir='ltr'>eomitls</span> <span class='ocrx_word' id='word_1_274' title='bbox 790 4053 826 4109; x_wconf 89' lang='lat' dir='ltr'>de</span> <span class='ocrx_word' id='word_1_275' title='bbox 844 4052 930 4109; x_wconf 81' lang='lat' dir='ltr'>Kulk.</span> <span class='ocrx_word' id='word_1_276' title='bbox 1000 4054 1028 4109; x_wconf 73' lang='grc'>2.</span> <span class='ocrx_word' id='word_1_277' title='bbox 1051 4049 1160 4109; x_wconf 76' lang='lat' dir='ltr'>abbatis</span> <span class='ocrx_word' id='word_1_278' title='bbox 1176 4051 1241 4108; x_wconf 70' lang='lat' dir='ltr'>Dul-</span> 
     </span>
     <span class='ocr_line' id='line_1_34' title="bbox 77 4137 1241 4212; baseline 0 -14"><span class='ocrx_word' id='word_1_279' title='bbox 77 4137 165 4198; x_wconf 83' lang='lat' dir='ltr'>dansis</span> <span class='ocrx_word' id='word_1_280' title='bbox 180 4142 336 4198; x_wconf 74' lang='grc'><strong>921-956.</strong></span> <span class='ocrx_word' id='word_1_281' title='bbox 407 4143 436 4198; x_wconf 84' lang='grc'>3.</span> <span class='ocrx_word' id='word_1_282' title='bbox 457 4141 523 4198; x_wconf 88' lang='lat' dir='ltr'>anni</span> <span class='ocrx_word' id='word_1_283' title='bbox 541 4142 625 4210; x_wconf 80' lang='grc'><strong>1146,</strong></span> <span class='ocrx_word' id='word_1_284' title='bbox 648 4141 684 4198; x_wconf 86' lang='lat' dir='ltr'>ab</span> <span class='ocrx_word' id='word_1_285' title='bbox 703 4142 893 4200; x_wconf 82' lang='lat' dir='ltr'>iuoarnetione</span> <span class='ocrx_word' id='word_1_286' title='bbox 912 4143 1022 4200; x_wconf 87' lang='lat' dir='ltr'>Domini</span> <span class='ocrx_word' id='word_1_287' title='bbox 1044 4141 1161 4212; x_wconf 84' lang='lat' dir='ltr'>insepti,</span> <span class='ocrx_word' id='word_1_288' title='bbox 1185 4157 1241 4198; x_wconf 83' lang='lat' dir='ltr'>nox</span> 
     </span>
     <span class='ocr_line' id='line_1_35' title="bbox 78 4228 1241 4300; baseline 0.002 -15"><span class='ocrx_word' id='word_1_289' title='bbox 78 4229 192 4288; x_wconf 72' lang='lat' dir='ltr'>mounds</span> <span class='ocrx_word' id='word_1_290' title='bbox 206 4228 262 4286; x_wconf 82' lang='lat' dir='ltr'>fuit</span> <span class='ocrx_word' id='word_1_291' title='bbox 279 4245 326 4300; x_wconf 79' lang='lat' dir='ltr'>ea,</span> <span class='ocrx_word' id='word_1_292' title='bbox 349 4230 430 4286; x_wconf 87' lang='lat' dir='ltr'>ouius</span> <span class='ocrx_word' id='word_1_293' title='bbox 451 4230 573 4286; x_wconf 87' lang='lat' dir='ltr'>medium</span> <span class='ocrx_word' id='word_1_294' title='bbox 596 4230 707 4287; x_wconf 87' lang='lat' dir='ltr'>diremit</span> <span class='ocrx_word' id='word_1_295' title='bbox 728 4231 803 4286; x_wconf 90' lang='lat' dir='ltr'>diem</span> <span class='ocrx_word' id='word_1_296' title='bbox 821 4231 856 4287; x_wconf 83' lang='lat'>25</span> <span class='ocrx_word' id='word_1_297' title='bbox 879 4232 959 4289; x_wconf 87' lang='lat' dir='ltr'>adis</span> <span class='ocrx_word' id='word_1_298' title='bbox 976 4231 1011 4287; x_wconf 78' lang='lat'>26</span> <span class='ocrx_word' id='word_1_299' title='bbox 1030 4247 1066 4286; x_wconf 91' lang='lat' dir='ltr'>m.</span> <span class='ocrx_word' id='word_1_300' title='bbox 1079 4229 1241 4287; x_wconf 86' lang='lat' dir='ltr'>Deoembrie</span> 
     </span>
    </p>
   </div>
   <div class='ocr_carea' id='block_1_3' title="bbox 79 4319 1241 4481">
    <p class='ocr_par' dir='ltr' id='par_1_8' title="bbox 79 4319 1241 4481">
     <span class='ocr_line' id='line_1_36' title="bbox 79 4319 1241 4389; baseline 0.003 -16"><span class='ocrx_word' id='word_1_301' title='bbox 79 4331 102 4373; x_wconf 78' lang='lat' dir='ltr'>a</span> <span class='ocrx_word' id='word_1_302' title='bbox 113 4319 188 4376; x_wconf 69' lang='lat'><strong>1145.</strong></span> <span class='ocrx_word' id='word_1_303' title='bbox 241 4322 269 4376; x_wconf 84' lang='lat'>4.</span> <span class='ocrx_word' id='word_1_304' title='bbox 286 4335 350 4375; x_wconf 80' lang='lat' dir='ltr'>nam</span> <span class='ocrx_word' id='word_1_305' title='bbox 364 4319 455 4375; x_wconf 80' lang='lat' dir='ltr'>medis</span> <span class='ocrx_word' id='word_1_306' title='bbox 465 4323 547 4376; x_wconf 86' lang='lat' dir='ltr'>noete</span> <span class='ocrx_word' id='word_1_307' title='bbox 560 4319 676 4387; x_wconf 73' lang='lat' dir='ltr'>(tl-25</span> <span class='ocrx_word' id='word_1_308' title='bbox 689 4320 768 4389; x_wconf 88' lang='lat' dir='ltr'>Deo.)</span> <span class='ocrx_word' id='word_1_309' title='bbox 780 4321 951 4377; x_wconf 81' lang='lat' dir='ltr'>sollemnitas</span> <span class='ocrx_word' id='word_1_310' title='bbox 964 4319 1117 4377; x_wconf 78' lang='lat' dir='ltr'>nativitatis</span> <span class='ocrx_word' id='word_1_311' title='bbox 1129 4321 1241 4377; x_wconf 91' lang='lat' dir='ltr'>Domini</span> 
     </span>
     <span class='ocr_line' id='line_1_37' title="bbox 81 4409 784 4481; baseline -0.001 -14"><span class='ocrx_word' id='word_1_312' title='bbox 81 4409 122 4478; x_wconf 71' lang='lat' dir='ltr'>tsi</span> <span class='ocrx_word' id='word_1_313' title='bbox 136 4413 235 4481; x_wconf 80' lang='lat' dir='ltr'>saepta</span> <span class='ocrx_word' id='word_1_314' title='bbox 250 4414 319 4479; x_wconf 82' lang='lat' dir='ltr'>erat,</span> <span class='ocrx_word' id='word_1_315' title='bbox 335 4409 420 4466; x_wconf 87' lang='lat' dir='ltr'>siouti</span> <span class='ocrx_word' id='word_1_316' title='bbox 437 4409 522 4466; x_wconf 84' lang='lat' dir='ltr'>etiam</span> <span class='ocrx_word' id='word_1_317' title='bbox 539 4424 615 4465; x_wconf 89' lang='lat' dir='ltr'>nuno</span> <span class='ocrx_word' id='word_1_318' title='bbox 631 4409 716 4466; x_wconf 89' lang='lat' dir='ltr'>moris</span> <span class='ocrx_word' id='word_1_319' title='bbox 733 4413 784 4466; x_wconf 83' lang='lat' dir='ltr'>est</span> 
     </span>
    </p>
   </div>
   <div class='ocr_carea' id='block_1_4' title="bbox 0 0 1579 4859">
    <p class='ocr_par' dir='ltr' id='par_1_9' title="bbox 0 0 1579 4859">
     <span class='ocr_line' id='line_1_38' title="bbox 0 0 1579 4859; baseline 0 0"><span class='ocrx_word' id='word_1_320' title='bbox 0 0 1579 4859; x_wconf 95' lang='lat' dir='ltr'> </span> 
     </span>
    </p>
   </div>
  </div>
 </body>
</html>
