3117 4859
351 230 417 300 428
727 248 876 297 wmsnm
895 246 1061 297 nrmronu
1082 247 1136 296 uer

228 395 300 453 1150
283 390 438 519 nepam
466 390 505 458 de
532 388 646 459 linibus
674 392 790 459 nostris
818 390 1070 459 exturbaverant
1119 388 1199 457 (ium
1225 395 1333 457 autem
1359 390 1504 458 amman

283 470 451 575 ΙΝ’1101111
472 528 573 594 neque
595 528 652 576 nos
674 507 849 575 lederemus
871 508 933 575 et'
923 528 958 575 ru
980 512 1125 575 neutram
1144 512 1269 594 partem
1282 506 1505 590 inolinaromur,

350 643 422 693 oum
454 624 519 691 ium
547 625 580 692 in
607 624 836 692 Nsmueonsem
864 628 897 691 et
923 644 996 691 suos
1022 624 1159 690 butera
1187 623 1322 691 domnus
1351 624 1505 710 episeopus

349 740 538 809 sententiam
570 742 777 809 anathematis
812 740 1056 828 promulgasset,
1093 759 1197 807 eomes
1229 737 1444 823 Gtodsfridus)
1472 738 1507 806 ds

349 856 455 925 Monte
469 857 572 926 Aeuto
595 878 653 925 sua
674 862 706 925 et
728 857 835 924 domni
857 857 996 944 episeopi
1018 854 1134 923 militia
1147 854 1255 923 villam
1274 861 1416 923 normam
1429 854 1505 923 ors
1555 879 1556 892 ¹

348 974 405 1041 riis
420 973 597 1042 devastavit
614 979 646 1041 et
661 973 836 1055 suoeendit3
860 994 939 1060 quae
953 974 1019 1041 fere
1032 972 1136 1040 tribus
1149 972 1309 1041 mensibus
1323 973 1506 1039 monasterie

348 1090 754 1175 neeessarisministrabat
796 1088 935 1157 Intendit
955 1090 1052 1157 etiam
1073 1094 1179 1156 uetera
1199 1088 1300 1156 eidem
1321 1088 1506 1157 monadum

347 1208 538 1294 pertinentia
553 1208 726 1291 devastare,
749 1206 945 1290 succendere,
960 1206 1023 1273 nisi
1037 1206 1232 1290 gravbsimis
1244 1204 1507 1293 redemptionibru

348 1327 380 1389 et
402 1322 616 1391 exactionibus
640 1322 679 1391 ab
695 1322 753 1389 hoo
768 1342 824 1388 suo
838 1321 1000 1408 proposito
1014 1326 1186 1389 revosetur.
1215 1321 1259 1388 Et
1271 1341 1346 1389 oum
1359 1321 1507 1390 violenter

347 1444 456 1507 nostra
483 1438 698 1523 devastentur,
726 1438 932 1525 diripiantur,
960 1442 993 1505 et
1013 1438 1072 1505 boe
1093 1437 1210 1506 auxilio
1231 1438 1339 1505 domni
1361 1438 1507 1526 episcopi,

347 1554 416 1623 sine
444 1574 505 1640 quo
532 1554 616 1621 idem
644 1574 747 1622 eomes
770 1552 982 1636 Gtodeiridus)
1009 1554 1069 1621 hoo
1095 1573 1159 1622 non
1183 1560 1397 1642 presumeret,
1425 1555 1508 1623 deret
1556 1567 1557 1584 ²

347 1670 467 1755 regiam
492 1671 689 1739 maiestatem
711 1676 866 1756 vestrum,
895 1690 968 1757 nos,
997 1671 1052 1758 qui
1078 1672 1176 1739 vestri
1197 1690 1321 1756 sumus,
1349 1671 1507 1739 defensare

348 1792 380 1857 et
405 1786 587 1855 iunoeenter
609 1786 732 1855 afflietis
755 1808 883 1855 manum
906 1786 1140 1855 miserioordiae
1160 1788 1332 1875 porrigere
1377 1786 1507 1855 Proinde
1556 1829 1557 1870 3

346 1902 507 1988 digniutis
530 1910 654 1972 vestroe
674 1904 934 1989 magnitudinem,
961 1924 1055 1990 quam
1077 1922 1203 1990 semper
1223 1902 1315 1971 nobis
1336 1904 1506 1992 propicium
1556 1879 1557 1950 l

346 2020 510 2106 sensimus,
522 2019 682 2088 humiliter
693 2020 900 2107 deposuimus,
915 2025 960 2105 ut,
976 2021 1005 2087 si
1015 2020 1147 2087 domnus
1159 2019 1324 2107 episeopus
1337 2020 1380 2087 ad
1390 2026 1507 2088 veruo

344 2137 518 2203 maiestatis
541 2137 732 2223 presentiam
746 2138 876 2222 venerit,
899 2136 939 2203 de
960 2141 1069 2203 nostru
1091 2136 1197 2203 esuis
1219 2141 1252 2203 et
1266 2136 1506 2203 nostrorumin·

345 2252 428 2319 iusta
450 2252 668 2339 oppressione,
695 2253 777 2319 sieut
798 2272 854 2321 vos
876 2253 975 2338 deest,
1002 2272 1073 2321 eum
1095 2252 1314 2336 conveniatis·,
1337 2258 1371 2318 et
1392 2258 1506 2336 norma

345 2388 425 2455 quoe
440 2368 541 2436 adhue
556 2406 598 2416 -
613 2388 677 2435 non
692 2374 797 2436 minen
818 2368 917 2436 asnis
933 2406 975 2417 -
990 2368 1109 2436 intaeta
1122 2374 1301 2456 supersunt,
1324 2388 1407 2453 quae
1427 2368 1505 2436 iden

345 2484 557 2569 G(odefridus)
581 2486 647 2553 eius
671 2484 788 2552 auxilio
811 2485 954 2552 demoliri
975 2485 1114 2571 festinat,
1138 2489 1267 2573 arrepto
1280 2484 1320 2551 ab
1336 2504 1373 2551 eo
1389 2484 1505 2569 dextra
1557 2501 1558 2504 ’

345 2602 427 2669 siout
448 2608 530 2688 sunt,
554 2602 731 2670 conservari
752 2602 885 2669 lecistis.
922 2600 956 2669 Si
978 2608 1083 2669 autem
1105 2621 1177 2668 eum
1198 2621 1262 2667 non
1280 2602 1390 2668 venire
1411 2601 1505 2669 eonti-
1557 2589 1558 2640 3

343 2718 440 2805 gerit,
468 2738 563 2806 super
584 2718 643 2785 boe
665 2720 694 2786 ei
717 2719 856 2786 severius
878 2718 1041 2787 soribendo
1063 2723 1169 2785 vestra
1188 2717 1344 2805 precipiet
1364 2738 1505 2786 mansue

343 2834 419 2903 tudo
442 2841 483 2921 et,
506 2839 543 2902 ut
564 2836 697 2903 eundem
712 2833 941 2918 Gtodobidum)
964 2835 1111 2901 eomitem
1133 2834 1153 2901 t
1173 2839 1352 2901 nostorum
1369 2834 1504 2924 depopu-

341 2950 459 3019 latione
480 2956 546 3018 tum
567 2972 625 3039 per
647 2956 753 3019 vestra
774 2952 893 3039 seripta
920 2972 1014 3037 quum
1042 2972 1100 3018 sua
1128 2950 1314 3018 ausuritute
1335 2950 1504 3036 ooberoeet

342 3068 512 3155 imperetis.
586 3068 650 3135 Nos
667 3069 760 3153 enim,
784 3070 818 3135 in
833 3090 869 3136 eo
884 3068 1063 3136 discrimine
1077 3068 1208 3155 positos,
1229 3068 1421 3135 addiderunt
1433 3068 1503 3136 Gor-

342 3183 483 3252 beienses
511 3202 667 3252 revoeare.
720 3184 804 3253 Inter
833 3179 927 3270 quos¹
956 3202 1032 3270 quus
1060 3183 1237 3270 molestius,
1270 3204 1348 3270 quas
1376 3184 1505 3253 insidias

342 3301 569 3385 sustineamus,
596 3301 671 3387 quid
694 3323 767 3369 vero
791 3306 900 3369 oonbu
920 3319 978 3368 nos
1001 3320 1037 3367 eo
1058 3306 1216 3388 tempore,
1239 3320 1301 3387 quo
1322 3302 1359 3368 in
1380 3302 1505 3370 servitio

342 3416 489 3501 regulet
521 3422 625 3485 vestro
654 3418 786 3486 ausinoti
815 3437 956 3503 eramus,
989 3416 1134 3484 molitum
1161 3418 1205 3485 sit
1236 3416 1352 3504 quidve
1378 3419 1506 3502 motum,

341 3552 413 3599 oum
448 3532 487 3599 ad
517 3554 571 3599 vos
601 3534 796 3621 venerimus,
829 3535 987 3603 maiestati
1014 3540 1137 3603 vostrae
1169 3532 1294 3620 plenius
1325 3535 1506 3603 referemus

341 3648 591 3716 Deliberuvimus
622 3657 741 3736 sutem,
770 3652 799 3718 si
827 3650 966 3737 quolibet
990 3650 1084 3719 modo
1112 3649 1161 3717 bis
1187 3650 1271 3717 euris
1294 3654 1327 3716 et
1348 3650 1507 3720 laboribus

339 3786 398 3833 nos
421 3766 592 3834 subducere
614 3788 791 3855 possumus,
814 3772 850 3834 ut
870 3768 905 3835 in
925 3766 1142 3856 purilioutiono
1164 3772 1290 3834 suntme
1305 3764 1447 3836 Mariae¹
1468 3766 1506 3834 ad

340 3903 406 3968 ves,
430 3881 606 3968 ubieunque
628 3882 767 3950 locorum
790 3905 845 3951 vos
869 3906 936 3952 esse
958 3884 1131 3969 seierimus,
1152 3884 1384 3971 perveniamus.

411 4058 432 4091 a
452 4045 486 4090 eia
502 4061 531 4090 ex
546 4044 707 4091 eommonestis
723 4055 844 4091 correctns·
859 4055 893 4092 ut
907 4048 930 4091 ἰιι
946 4046 998 4092 cod.

411 4132 435 4185 1.
453 4129 640 4187 (lorbelenses.
711 4130 737 4185 2.
756 4130 825 4186 1151
844 4130 925 4188 Febr.
937 4132 963 4187 2.
