3117 4859
349 222 415 290 394
724 239 1057 291 urnaumnmauona
1078 204 1158 289 aas,¹

250 387 319 443 1150
350 384 557 473 suscepimus;
581 384 621 452 ad
643 402 737 469 quam
752 386 858 451 uestro
879 381 1009 451 consilio
1026 401 1063 451 ao
1076 388 1182 453 vestm
1196 383 1324 453 deann'a
1338 384 1485 453 meandum

239 465 333 573 ⁰llll⁶⁶
350 501 489 569 diuinam
508 500 737 569 ordinationem
751 500 961 587 pervenimus,
983 500 1017 566 in
1032 521 1095 586 qua
1108 500 1204 600 etiam
1217 522 1240 568 a
1251 502 1353 589 primo
1365 502 1488 588 mersu

348 622 456 685 nostro
478 618 513 684 in
534 616 693 685 laboribus
714 616 877 685 hominum
898 616 1014 685 fuimus
1036 622 1070 685 et
1086 636 1157 684 cum
1170 618 1348 685 hominibus
1360 618 1489 704 dagalati

348 754 456 803 sumus
465 730 482 800 ¹.
513 732 661 819 Labores,
685 754 763 821 quos
785 733 820 801 in
841 733 951 801 eadem
973 731 1124 803 semlesia
1136 736 1295 820 grauiores
1309 736 1489 820 emtinsmu,

348 856 422 919 sunt
449 851 488 920 de
512 849 665 929 ¹aecclesia
686 844 929 935 Kaminatensi²,
957 849 996 917 de
1023 850 1136 937 quibus
1157 856 1308 938 exparte
1329 852 1490 919 fratermtm

348 972 455 1036 uestra
476 967 611 1051 audivit3
634 968 668 1033 in
690 986 767 1053 quos
791 987 831 1033 ex
852 967 1010 1034 communi
1030 967 1164 1035 botrum
1186 972 1219 1035 et
1238 966 1378 1035 bdelium
1392 967 1491 1035 aeccle

348 1086 414 1153 siae
441 1086 598 1153 sententia
624 1085 658 1151 in
679 1083 858 1151 innocentia
879 1082 1005 1169 quidem
1026 1088 1136 1151 nostra
1156 1084 1289 1168 ingressi
1309 1104 1430 1169 sumus,
1453 1089 1493 1151 sot

347 1202 442 1269 durae
464 1201 681 1269 tribulationes
704 1220 762 1287 pro
781 1199 890 1268 eodem
905 1198 1042 1287 capitulo
1056 1201 1271 1286 sustinuimus,
1293 1200 1369 1267 dum
1384 1200 1423 1269 ad
1434 1220 1493 1287 par·

345 1315 479 1387 finienda
501 1338 580 1405 quae
601 1316 816 1384 inchoavimus
838 1321 872 1384 et
891 1316 932 1383 ad
944 1316 1110 1385 renuenda
1123 1317 1233 1385 cadom
1244 1318 1328 1385 bona
1342 1316 1494 1386 malam

339 1435 458 1504 ‚devote
480 1454 517 1503 ac
537 1432 672 1501 fideliter
695 1434 880 1501 assistimus
911 1431 978 1501 Nec
999 1433 1040 1501 ab
1062 1453 1101 1503 ea
1121 1434 1181 1502 boc
1196 1439 1339 1523 tompore
1352 1432 1436 1502 salvo
1448 1432 1495 1499 bo-

345 1572 422 1619 nore
444 1556 551 1619 nostm
575 1551 771 1637 aliquatenus
793 1550 939 1617 recedere
953 1569 1131 1637 possumus,
1152 1551 1216 1619 nisi
1230 1571 1300 1619 eum
1313 1552 1350 1619 in
1362 1550 1495 1619 maximis

345 1668 632 1756 perturbationibus
655 1668 799 1735 deserere
820 1666 962 1752 uelimus,
989 1667 1073 1754 quod
1093 1686 1153 1735 nec
1173 1674 1311 1737 verbam
1332 1668 1495 1735 naamita-

345 1790 410 1855 tem
437 1784 517 1853 velle
551 1785 707 1853 credimus
741 1803 800 1851 nec
833 1788 960 1851 nostae
990 1784 1148 1851 honmmti
1179 1803 1355 1869 congruum
1386 1785 1494 1853 sumna

344 1900 480 1971 Proinde
506 1901 741 1970 dilectissimam
763 1900 854 1969 nobis
875 1900 1106 1970 fraternitatem
1126 1906 1264 1969 soonam
1285 1922 1445 1987 rogamus,
1467 1905 1495 1967 ut

344 2038 466 2087 moram
486 2024 628 2087 nostram
651 2025 683 2087 et
705 2019 880 2087 absentiam
902 2018 1125 2104 equanimiter,
1151 2018 1415 2104 quemadmodum
1433 2034 1495 2105 aspa

344 2136 564 2221 consuevistis,
593 2141 629 2203 ut
651 2135 757 2204 dilecti
779 2134 838 2203 lilii
859 2133 1030 2220 musta,
1060 2139 1094 2203 et
1115 2135 1254 2203 defectus
1275 2140 1398 2220 vestros
1416 2136 1449 2203 in
1465 2152 1495 2200 es

343 2253 490 2337 canuto,
518 2272 581 2339 qua
606 2273 664 2321 nos
693 2252 839 2337 diligitis,
868 2252 1028 2339 patienter
1057 2250 1213 2335 toleretis3
1242 2256 1275 2319 et
1301 2252 1438 2321 mamma
1454 2249 1494 2317 b'n

343 2370 452 2439 dicbus
481 2364 599 2455 seur,
626 2370 660 2437 in
688 2370 801 2456 quibus
827 2370 928 2437 maior
949 2388 1117 2437 concursus
1139 2367 1249 2457 populi
1272 2372 1305 2435 et
1325 2369 1426 2437 maior
1443 2367 1494 2433 tre

344 2486 473 2574 quentia
495 2486 579 2573 apud
593 2507 650 2555 uos
672 2506 741 2555 esse
763 2484 854 2571 solet,
875 2506 916 2552 ne
933 2485 1027 2553 alicui
1044 2490 1214 2574 paupertas
1228 2491 1336 2553 vestra
1349 2487 1493 2574 appareat

343 2602 524 2689 Qantius
547 2604 693 2670 caveatis.
735 2588 736 2593 ἵ
780 2601 927 2669 Ceterum
948 2602 1144 2690 prepositum
1165 2608 1306 2670 vestrum
1327 2606 1362 2669 et
1383 2601 1493 2669 sellus·

342 2720 426 2787 rium
456 2724 488 2787 ot
515 2725 587 2787 ante
616 2721 737 2787 exitum
763 2723 907 2786 nostrum
935 2711 1066 2786 a'vobis
1086 2719 1161 2786 uiua
1181 2738 1258 2786 voce
1285 2724 1319 2787 et
1344 2716 1493 2807 monsedo
1544 2693 1545 2742 l

342 2858 400 2927 per
422 2837 543 2905 litteras
565 2843 690 2904 nostras
713 2836 853 2903 studiose
874 2836 1136 2922 commonuimus,
1160 2836 1308 2923 quatinus
1329 2854 1403 2903 cum
1423 2831 1494 2900 omni
1544 2865 1545 2870 ,

342 2954 506 3040 diligentia
527 2957 682 3039 curarent,
705 2974 746 3020 ne
769 2952 907 3039 aliquam
928 2951 1152 3037 negligentiam
1172 2952 1208 3019 in
1228 2953 1391 3040 prebenda
1404 2954 1495 3019 umba
1544 3031 1545 3036 η

342 3071 520 3158 paciamini.
562 3069 663 3149 Quam
685 3070 960 3137 commonitionem
981 3074 1122 3136 nostum
1143 3070 1172 3137 si
1193 3069 1273 3138 bene
1294 3072 1493 3149 servaverunt

342 3206 405 3257 non
426 3206 558 3275 parvam
579 3186 714 3271 gratiam
736 3185 799 3254 sibi
820 3185 905 3273 apud
926 3204 984 3251 nos
1006 3184 1250 3269 codocauerunt3
1276 3187 1305 3253 si
1327 3191 1432 3255 autem
1449 3201 1494 3251 ne·

341 3302 522 3389 glexerunt,
559 3322 624 3371 non
660 3302 818 3370 modicum
854 3307 994 3369 nostram
1026 3301 1269 3371 beniuolentiam
1301 3302 1492 3371 offenderunt
1544 3287 1545 3356 ἶ

341 3419 559 3492 Mandavimus
581 3424 726 3507 preterea
748 3419 876 3503 decano,
896 3422 941 3504 ut,
964 3419 992 3485 si
1013 3418 1063 3485 illi
1083 3419 1289 3505 neglexerint,
1311 3422 1383 3507 ipsc
1402 3425 1492 3487 taum

341 3556 405 3604 non
432 3536 570 3621 negligat
598 3556 635 3603 ac
662 3536 701 3603 de
728 3536 887 3603 communi
913 3534 1043 3603 consilio
1070 3536 1138 3603 siue
1164 3536 1318 3605 derebus
1340 3535 1493 3605 accederint

341 3653 407 3721 sius
429 3653 633 3739 undecunque
655 3653 771 3739 possit,
795 3652 824 3719 si
844 3653 892 3719 ita
913 3671 1040 3721 necesse
1060 3652 1166 3738 fuerit,
1188 3673 1287 3739 usque
1308 3654 1351 3721 ad
1371 3654 1491 3723 reditun

340 3774 484 3837 nostum
506 3770 644 3837 delectus
659 3773 782 3837 vostros
804 3767 959 3857 suppleat
993 3768 1078 3837 Ante
1100 3769 1208 3837 omnia
1228 3775 1333 3838 autem
1350 3765 1492 3839 unanimi·

223 3971 226 3979 Ι
340 3890 439 3955 tatem
466 3891 603 3955 vernam
630 3886 741 3954 intime
768 3885 923 3953 monendo
950 3905 1113 3972 roganms,
1141 3892 1178 3955 ut
1204 3887 1416 3957 beniuolentia
1436 3882 1490 3965 ills,

342 4023 403 4089 qua
430 4023 487 4070 nos
515 4022 590 4090 sepe
611 4004 777 4091 portastis,
805 4001 901 4070 etiam
922 4020 1007 4070 nunc
1028 4002 1166 4071 delectus
1188 4009 1311 4073 uestros
1332 4010 1366 4072 et
1385 4018 1488 4071 moran

412 4186 437 4242 l.
459 4186 505 4242 Pa.
524 4188 566 4257 72,
585 4186 611 4243 5.
700 4188 726 4243 2.
750 4188 767 4244 i.
785 4202 808 4243 a
833 4186 940 4244 delita
963 4202 1027 4244 curn
1049 4186 1180 4245 Heinrico
1206 4188 1339 4259 episcopo
1361 4180 1487 4245 niueam

341 4274 452 4419 ³³32
470 4279 514 4331 est
535 4276 664 4349 dubium,
694 4276 761 4347 quin
783 4276 819 4335 de
841 4276 941 4335 diebus
964 4281 1141 4348 pentecostes
1164 4279 1200 4347 (4
1220 4279 1294 4336 Iunii
1315 4278 1401 4348 115⁰)
1426 4274 1487 4333 diest

378 4378 387 4417 r
452 4378 493 4419 us.
