3117 4859
471 286 621 337 wmennr
641 284 807 337 mrsnonu
827 284 882 335 ase
1192 269 1259 338 333

89 428 322 518 subripuerant,
343 448 458 517 magna
480 451 520 499 ox
542 434 634 520 parte
650 430 850 517 aeneoloatis,
873 430 1021 518 quatinus
1036 449 1084 515 ea,
1106 450 1168 517 qne
1188 450 1259 499 οεο-
1277 433 1361 491 lita.

89 547 156 615 aeri
176 552 210 615 οῖ
229 548 413 635 imperatori
434 548 604 636 pertinent,
627 568 684 637 per
703 548 811 615 omnia
824 553 858 616 οῖ
869 548 905 615 in
920 547 1065 615 omnibus
1079 547 1258 632 obtineatis,

88 663 290 732 venementer
311 669 406 752 atque
427 666 617 733 unanimiter
639 667 813 751 satagimus
836 670 930 753 atque
951 665 1121 733 studemus
1156 664 1200 731 Εῖ
1218 664 1259 731 ob

37 812 40 816 ·
88 778 181 849 huius
208 781 255 849 rei
277 780 423 849 effoetum
444 781 562 851 bonnm
583 782 776 871 prinoipinm
798 802 836 851 ae
856 783 1096 851 fundamentum
1116 782 1257 850 iooimus

177 896 259 965 Nam
281 916 392 985 paoem
414 904 446 967 et
467 899 624 967 instioium
647 900 793 967 omnibus
820 920 891 967 eam
913 899 1089 968 volentibus
1112 898 1258 967 obserua-

88 1034 173 1097 mus3
198 1014 414 1101 tortitudines,
442 1015 477 1082 id
498 1021 547 1085 eet
567 1021 671 1085 turres
695 1020 727 1085 et
749 1016 858 1085 domos
879 1021 1045 1104 potentum
1066 1014 1177 1102 Urbis,
1204 1014 1259 1102 qui
1334 1024 1342 1041 ⁶

87 1136 195 1198 vestm
209 1132 342 1219 imperio
357 1152 422 1199 una
442 1150 515 1200 enm
537 1130 642 1201 Sioulo
665 1138 699 1201 et
719 1153 806 1222 pape
823 1134 971 1203 resistere
983 1132 1149 1222 parabant,
1171 1132 1258 1219 oepi-

87 1268 169 1335 mus,
194 1253 227 1315 et
242 1248 395 1336 quasdam
410 1249 445 1316 in
459 1254 565 1317 vestm
578 1248 729 1321 fidelitate
742 1255 898 1337 tenemus,
920 1251 1073 1339 quasdam
1088 1270 1162 1319 vero
1184 1249 1258 1316 sub·

86 1370 247 1435 νοτῖοντῖοο
270 1366 337 1434 solo
359 1367 607 1453 ooaequarimus.
692 1366 747 1435 Set
773 1368 905 1457 probis
927 1368 1088 1454 omnibus,
1116 1386 1177 1454 que
1198 1386 1258 1454 pro

87 1487 214 1551 vestrae
225 1482 399 1551 dilectionis
413 1482 563 1553 fidelitate
577 1484 720 1571 issimus,
736 1504 830 1573 papa,
841 1484 1035 1574 Fraiapanes
1050 1489 1084 1553 ot
1099 1482 1158 1550 lilii
1171 1481 1259 1551 Petri

87 1597 215 1685 Leonis,
238 1598 380 1668 homines
402 1606 436 1669 οῖ
456 1602 550 1668 amioi
572 1600 679 1687 Sionli,
703 1638 745 1649 -
769 1606 901 1690 eroepto
923 1602 1067 1688 lordano,
1092 1600 1259 1668 nostruin

86 1720 195 1783 restra
215 1714 367 1785 fidelitate
379 1716 555 1786 vexillifero
574 1722 606 1786 et
621 1718 763 1787 adiutore
778 1754 821 1765 -—
838 1717 1004 1787 Tolomens
1019 1738 1144 1807 quoque
1157 1722 1191 1785 οῖ
1203 1714 1259 1783 alii

86 1832 196 1919 plures
217 1834 355 1921 undique
376 1854 434 1903 nos
456 1835 658 1923 impugnent,
684 1856 725 1903 ne
745 1834 860 1920 libere,
882 1840 920 1901 ut
941 1835 1038 1920 deoet,
1061 1833 1259 1923 imperialem

85 1950 175 2036 regio
209 1951 307 2038 oapiti
334 1938 494 2020 veleamus
525 1952 686 2040 imponere
718 1972 875 2021 eoronam.
926 1950 972 2019 At
1002 1972 1077 2037 nos,
1111 1951 1259 2038 quonium

87 2068 210 2135 amanti
230 2066 336 2135 nullus
360 2068 450 2137 labor
471 2068 576 2154 grauis
599 2074 657 2155 est,
679 2067 754 2137 boet
774 2068 849 2137 inde
869 2066 1008 2157 plurima
1030 2068 1169 2157 dampna
1189 2088 1259 2136 sus

86 2186 260 2271 tineamus,
288 2205 347 2272 pro
369 2190 474 2253 restro
497 2205 603 2253 amore
625 2185 797 2255 ethonore
819 2191 981 2271 gratmter
1001 2186 1151 2274 patimur.
1191 2184 1258 2253 Soi-

85 2321 157 2368 mns
181 2322 328 2389 namque,
350 2321 409 2369 nos
432 2302 557 2371 euobis
580 2302 713 2391 proinde
733 2303 891 2391 premium
913 2303 996 2370 siout
1017 2308 1150 2390 epatre
1172 2321 1258 2369 aoce-

85 2422 198 2504 pturos
221 2437 339 2505 rosque
359 2418 394 2485 in
417 2438 470 2486 eos
493 2418 574 2486 dont
595 2419 629 2486 in
650 2419 777 2507 imperii
798 2420 904 2487 hostes
925 2418 1097 2487 vindictam
1119 2417 1257 2486 daturos

178 2532 258 2601 Cum
279 2539 369 2602 tanta
388 2534 486 2621 igitur
508 2540 618 2604 nostra
637 2536 672 2603 in
692 2536 782 2604 vobis
802 2534 938 2603 fidelitas
959 2536 1011 2621 sit,
1034 2539 1184 2621 tnanue
1199 2554 1258 2621 pro

85 2650 178 2719 vobis
200 2651 426 2738 sustineamus,
452 2672 635 2740 preoumur,
664 2672 705 2720 ne
732 2674 805 2740 spes
831 2653 895 2719 ista
916 2652 1008 2719 nobis
1030 2649 1170 2735 deficiat,
1196 2670 1259 2717 neu

86 2768 176 2853 regia
190 2768 328 2853 dignitas
342 2789 410 2855 nos,
433 2774 555 2837 vestros
569 2767 677 2836 tidoles
695 2774 727 2836 οῖ
748 2767 841 2853 tilios,
864 2768 1028 2856 despioiat,
1045 2787 1158 2853 neque,
1181 2765 1257 2834 siin

84 2884 246 2970 regalibus
270 2886 397 2954 auribus
414 2906 491 2953 sura
505 2885 635 2953 sinistra
648 2885 688 2953 de
702 2890 815 2953 senatu
829 2890 862 2953 et
877 2885 969 2953 nobis
982 2883 1116 2969 daverit,
1138 2884 1173 2949 in
1188 2903 1258 2950 eam

85 3001 232 3069 intendat
254 3007 309 3070 eut
329 3003 494 3091 respiciat3
518 3003 602 3089 quia,
625 3002 679 3088 qui
702 3001 741 3069 de
758 3002 850 3071 nobis
863 3006 988 3070 restrae
1003 3000 1162 3069 altitudini
1174 2998 1259 3067 mela

85 3122 274 3203 suggerunt,
304 3118 344 3187 de
365 3124 471 3187 vestra
493 3123 526 3187 οῖ
546 3123 670 3204 εοοῖτε,
701 3118 784 3206 quod
806 3119 904 3204 absit,
931 3119 1126 3187 dissensione
1145 3116 1260 3184 laetari

85 3234 208 3319 volunt,
232 3239 265 3302 et
285 3240 445 3322 utrosque,
468 3241 504 3303 ut
526 3234 611 3303 soliti
634 3242 717 3321 sunt,
741 3234 854 3303 oellido
875 3237 1055 3323 opprimere
1075 3233 1257 3302 moliuntur.

86 3350 142 3421 Set
166 3353 251 3419 eiroe
271 3352 357 3435 haee,
380 3371 421 3418 ne
442 3349 530 3437 fiant,
553 3352 667 3436 regalis
689 3351 869 3440 prudentie,
892 3357 928 3419 ut
944 3352 1044 3436 deoet,
1067 3350 1203 3418 sollicita
1217 3350 1260 3418 sit

86 3473 118 3535 οῖ
130 3468 280 3556 provida;
303 3467 583 3556 reminisoaturque
598 3473 704 3537 vestra
718 3468 868 3553 sollortie,
891 3472 968 3554 quot
989 3471 1022 3535 et
1043 3473 1161 3553 quanta
1174 3465 1259 3533 mala

86 3583 211 3673 pupulis
240 3584 328 3652 ouria
355 3588 388 3652 οῖ
412 3584 489 3651 dieti
511 3585 669 3672 quondam
691 3585 774 3653 eires
796 3585 898 3653 nostri
919 3584 1177 3673 imperatoribus,
1204 3582 1259 3668 qui

85 3701 215 3769 fuerunt
237 3706 310 3769 ante
331 3722 403 3787 vos,
433 3701 580 3786 iecerint3
609 3706 641 3770 et
661 3721 745 3769 nuno
767 3701 926 3770 deteriora
946 3701 1036 3770 vobis
1058 3721 1130 3768 oum
1152 3698 1258 3767 Sionlo

85 3818 191 3885 faeere
213 3822 455 3905 temptaverunt
503 3820 558 3888 Set
578 3840 636 3887 nos
659 3818 777 3887 Christi
800 3819 904 3904 gratia
924 3818 959 3886 in
980 3823 1087 3886 restra
1107 3815 1258 3884 fidelitate

87 3934 223 4003 virtute
245 3934 291 4003 eis
313 3935 499 4022 resistimus,
521 3956 559 4004 ao
574 3936 681 4025 plnres
697 3958 736 4005 ex
758 3936 823 4003 illis
847 3937 886 4004 ab
900 3934 986 4003 Urbe
1008 3936 1090 4002 siout
1103 3934 1257 4022 pessimos

85 4050 193 4120 hostes
208 4052 344 4139 imperii,
366 4056 403 4119 nt
417 4057 500 4137 sunt,
522 4053 711 4141 pepulimus.
791 4052 1033 4141 Appropinquet
1046 4052 1153 4138 itaque
1167 4049 1257 4117 nobis

87 4166 262 4257 imperialis
285 4167 428 4237 celeriter
448 4170 549 4256 rigor,
573 4171 731 4256 qnoniam,
755 4169 904 4257 quioquid
918 4168 1025 4252 vultis,
1047 4168 1082 4233 in
1095 4166 1181 4234 Urbe
1203 4165 1258 4233 ob-

87 4286 189 4354 tinere
210 4288 371 4374 poteritis,
400 4292 433 4354 οῖ
453 4290 490 4354 οῖ
510 4286 648 4355 breviter
670 4306 707 4354 ao
728 4286 886 4354 suooinote
907 4284 1087 4371 loquamur,
1114 4287 1258 4372 potenter

86 4402 120 4470 in
136 4400 233 4489 Urbe,
256 4422 316 4489 que
337 4410 432 4492 eaput
453 4404 563 4472 mnndi
585 4410 642 4489 est,
665 4408 702 4471 ut
723 4408 879 4490 optamus,
900 4400 1053 4486 habitare,
1074 4401 1135 4468 toti
1148 4398 1259 4469 ltaliae
