3117 4859
311 202 355 270 26
714 216 928 267 mmmmm
950 215 978 266 s.
993 217 1065 266 vnn

236 366 290 422 8³6
310 361 399 430 reum
420 361 527 429 diceus
548 360 593 428 ei:
622 361 728 443 Quare
749 358 885 426 mmet
924 359 1034 447 Serpa.
1071 359 1185 426 Nonae
1208 360 1312 440 aedo,
1341 371 1475 449 wentae

228 439 292 488 lm
310 481 418 546 hodes
438 482 472 544 io
493 479 620 544 ecclesia
641 477 712 543 Deo
733 474 912 542 solventur?
950 473 1037 542 Tunc
1060 471 1115 540 illa
1137 474 1246 542 stetim
1267 473 1380 542 timore
1401 493 1474 562 per-

310 593 413 679 culsa,
440 594 552 680 rapido
581 613 675 660 cursu
696 591 841 679 pervenit
862 591 904 658 ad
926 589 1089 658 ecclesiam
1111 590 1158 658 ita
1179 611 1271 674 sana,
1300 596 1336 659 ut
1357 591 1473 659 nullius

310 715 415 796 egeret
441 710 695 794 smtentutione·,
729 729 809 794 quae
838 713 968 776 venerat
995 707 1106 776 sedens
1134 707 1169 774 in
1196 727 1340 792 carruca3
1368 709 1475 795 ibique

309 833 418 895 curata
437 832 511 914 post
533 825 652 912 aliquot
672 825 740 892 dies
762 825 804 892 ad
824 825 955 912 propria
975 845 1103 893 reversa
1124 828 1181 892 est

219 953 272 1010 ιιι
396 942 546 1012 Vertente
566 943 664 1027 igitur
685 941 799 1008 debinc
821 941 896 1008 anni
918 939 1091 1008 curriculol
1112 940 1353 1026 celebritateque
1372 941 1475 1008 saneti

205 1026 291 1074 Μ
307 1060 374 1129 Viti
395 1060 511 1128 iterum
533 1063 723 1143 recurrente,
750 1057 878 1144 quidam
900 1062 1027 1125 nostrae
1049 1056 1187 1124 familiae
1208 1056 1343 1125 habebat
1363 1054 1474 1142 filiam,
1553 1035 1556 1046 ⁵

307 1179 395 1246 cuius
422 1197 535 1244 manus
564 1176 693 1243 ιιιιιιιιιι
720 1173 868 1242 ariditate
895 1175 930 1241 in
956 1178 1080 1240 tantum
1106 1173 1233 1242 detenta
1259 1178 1342 1259 erat,
1371 1178 1408 1240 ut
1433 1173 1475 1241 ad

307 1293 429 1362 nullum
451 1313 530 1381 opus
551 1292 764 1361 necessarium
786 1311 855 1357 eam
877 1309 1003 1358 morere
1024 1294 1147 1377 pesset3
1171 1309 1265 1376 quam
1286 1290 1370 1358 inter
1391 1289 1474 1357 mul-

307 1409 474 1478 titudinem
501 1409 612 1498 populi
632 1409 680 1477 ita
701 1428 812 1476 sanam
833 1406 984 1491 vidimus,
1013 1411 1050 1472 ιιι
1070 1405 1193 1474 nullum
1215 1406 1395 1474 crederetur
1417 1407 1474 1474 ba·

202 1526 412 1595 incubuisse
432 1525 560 1593 malum.
627 1524 704 1592 Post
724 1525 803 1592 baec
823 1525 936 1591 iterato
959 1521 1021 1607 die,
1042 1521 1077 1589 in
1099 1543 1160 1609 quo
1182 1527 1308 1590 octavas
1322 1523 1474 1610 martyris

306 1641 547 1726 celebravimus,
577 1639 734 1710 affuerunt
761 1641 842 1708 duae
869 1638 1017 1708 mulieres
1045 1639 1084 1706 de
1105 1625 1188 1706 ¹ville
1213 1640 1264 1706 cui
1286 1639 1475 1708 uocabulum

307 1763 371 1828 ιιι·
392 1753 636 1843 Erculbergh⁴¹3
664 1779 729 1826 una
756 1777 797 1824 ex
825 1757 870 1824 eis
897 1759 1002 1839 muta,
1031 1776 1110 1842 quae
1131 1754 1294 1843 paululum
1316 1755 1474 1824 balbutire

306 1875 480 1960 videbatur,
505 1875 606 1943 altera
619 1875 761 1960 unisque
774 1873 907 1962 pedibus
923 1877 1108 1940 connectat
1136 1871 1225 1940 Muta
1239 1872 1366 1958 quidem
1379 1891 1474 1940 roca-

306 1992 399 2060 batur
420 1990 636 2076 Tbietburgh‘,
664 1990 765 2058 altera
792 1995 897 2058 autem
919 1989 1113 2074 Hutburgh⁸,
1142 2009 1222 2076 quae
1249 1993 1400 2075 utraeque
1423 2009 1473 2056 sa·

305 2109 415 2177 nitelis
437 2114 564 2176 curatae
584 2107 802 2191 medicamine,
823 2106 995 2174 incolumes
1018 2106 1058 2174 ed
1079 2106 1209 2194 propria
1229 2110 1303 2173 sunt
1315 2125 1472 2174 reversae

162 2199 168 2210 ¹
201 2243 289 2292 imae
394 2225 432 2292 In
453 2225 561 2292 futura
582 2243 705 2310 quoque
727 2223 829 2290 sancti
851 2223 997 2290 lobannis
1019 2223 1176 2310 baptistae
1191 2221 1300 2308 vigilia
1314 2221 1474 2308 quoddam

305 2341 396 2410 nobis
417 2361 535 2408 norum
557 2340 671 2408 accidit
691 2339 888 2425 miraculum,
912 2340 1133 2408 vetustissimis
1149 2338 1251 2408 simile
1265 2338 1365 2423 signis
1379 2359 1473 2426 prae-

306 2457 484 2526 cedentium
504 2463 641 2543 patrum
682 2456 765 2524 Nam
788 2477 859 2524 cum
881 2477 921 2526 cx
942 2477 1030 2524 more
1052 2457 1093 2524 ad
1115 2455 1294 2542 vigiliarum
1315 2457 1473 2524 surrexis-

305 2595 410 2643 semus
433 2573 571 2642 officium
592 2573 813 2641 celebrandum
836 2579 930 2661 atque
952 2572 1044 2642 solito
1060 2572 1205 2642 lucernae
1219 2572 1473 2642 illuminarentur

305 2691 463 2776 adsue,
486 2691 610 2776 accidit,
632 2695 669 2758 ut
689 2689 876 2758 craticuleel
896 2691 931 2758 in
951 2689 1055 2758 medio
1077 2689 1225 2757 ecclesiae
1247 2710 1415 2777 appensae,
1438 2690 1474 2758 in

305 2829 368 2893 qua
395 2808 532 2894 quinque
558 2807 678 2875 vitreae
705 2805 868 2894 lampades
897 2806 1129 2894 dependebant,
1160 2806 1304 2874 trahente
1331 2807 1472 2893 custode,

303 2924 388 2991 funis
409 2929 624 3011 rumperetur,
654 2927 687 2990 et
708 2921 806 2990 effuso
829 2921 897 2990 oleo
919 2922 1037 2990 omnes¹
1058 2923 1092 2990 in
1113 2922 1328 3010 pavimentum
1349 2922 1473 3012 disper-

304 3044 461 3124 gerentur.
502 3039 586 3118 Quas
608 3057 681 3106 cum
703 3044 841 3107 aetantes
863 3039 979 3106 fractas
1002 3059 1066 3106 non
1088 3039 1281 3123 dubitarent,
1305 3057 1472 3108 adcurrens

304 3161 409 3222 custos
424 3154 592 3223 ecelesiaek
602 3156 729 3224 nomine
740 3155 922 3240 bulgarius,
941 3155 1045 3223 ferens
1059 3175 1155 3223 manu
1170 3156 1318 3224 concham
1334 3177 1472 3242 aeream,

304 3271 428 3357 volens,
458 3277 626 3357 uumquam
652 3270 821 3339 multitudo
850 3271 959 3360 populi
988 3293 1068 3358 quae
1091 3272 1131 3340 ed
1152 3272 1235 3339 fores
1258 3271 1406 3360 pulsabat
1426 3274 1472 3340 ir·

305 3393 481 3476 rumperet,
502 3388 679 3473 fragmenta
701 3389 847 3474 colligere
870 3395 902 3457 et
923 3389 1041 3473 oleum,
1064 3389 1092 3456 si
1115 3388 1280 3475 quivisset3
1304 3391 1470 3478 arripiens¹

304 3510 438 3591 unaque
458 3525 554 3599 manu
569 3507 696 3591 vitrum,
718 3506 852 3593 proiecit
865 3526 936 3574 oum
950 3526 1063 3591 magno
1079 3505 1200 3593 crepitu
1214 3506 1248 3571 in
1262 3525 1317 3574 ras
1332 3527 1471 3594 aereum,

304 3621 425 3690 nullam
446 3623 510 3690 iam
531 3622 650 3692 babens
672 3643 762 3710 spem
784 3622 829 3689 eis
852 3622 986 3711 amplius
1005 3621 1114 3689 utendi
1129 3622 1169 3690 ed
1182 3641 1276 3690 usum
1289 3623 1469 3710 pristinum.

199 3757 249 3806 lun.
257 3757 288 3805 as
304 3737 391 3819 Quae
405 3759 477 3806 cum
494 3739 541 3807 ita
554 3740 588 3806 in
603 3740 795 3808 secretariom
809 3740 959 3826 reposuit,
981 3744 1109 3825 postera
1123 3738 1174 3806 die
1187 3739 1234 3804 ita
1246 3739 1335 3826 ipsae
1348 3739 1471 3828 lampa-

304 3856 379 3924 des'
390 3857 531 3941 integrae
545 3855 692 3923 inventae
702 3861 787 3940 sunt,
802 3860 838 3922 ut
848 3853 968 3922 nullum
983 3855 1107 3940 signum
1121 3855 1277 3923 fracturae
1293 3862 1469 3944 appareret

375 4004 396 4037 ι
412 3989 599 4038 mtentaculol.
644 3990 668 4037 b.
678 3989 763 4037 ciremo
774 3991 797 4035 2.
844 4002 863 4035 c.
874 3991 911 4036 cst
921 4005 962 4036 ora
974 3991 995 4036 1.
1042 3989 1065 4036 d.
1075 3987 1205 4048 Freinbergi
1215 3991 1236 4036 2.
1284 3993 1471 4039 c.contractia2

303 4070 461 4129 t'l'hietburg
476 4071 498 4116 t.
545 4083 566 4128 g.
582 4069 684 4128 lutburg
700 4072 722 4115 ‘a
767 4068 791 4114 lc
808 4067 921 4115 crucicula
939 4091 964 4100 -
981 4082 1082 4130 appensa
1097 4071 1119 4116 2.
1167 4068 1276 4117 'somnia
1291 4071 1313 4117 ι.
1359 4071 1469 4119 hecelo-

304 4151 353 4199 siue
369 4168 411 4197 οι.
424 4153 445 4197 1.
492 4149 574 4197 lcum
591 4150 682 4197 adm.
727 4163 758 4194 m.
774 4149 897 4196 secretorio
913 4149 935 4196 2.
981 4163 1003 4196 n.
1018 4149 1083 4209 ipsae
1098 4147 1214 4210 lampades
1230 4151 1305 4197 emt.

375 4239 399 4293 1.
422 4237 527 4293 Erkeln
542 4251 630 4308 prope
647 4234 758 4291 Bralrel.

765 4379 1007 4406 ...Φ-.-
