3117 4859
482 176 698 291 mammo
718 239 747 290 s.
760 241 833 288 vnn
1007 276 1009 284 ,
1193 221 1236 292 25

73 383 203 452 interim
224 385 301 452 dum
321 385 399 453 baec
413 390 549 470 aguntur
563 390 597 452 et
609 383 797 469 cogitantur,
820 387 948 471 repente
969 384 1059 452 naris
1081 387 1168 451 mota
1189 389 1237 452 ost
1258 387 1311 476 839

72 522 92 568 a
111 500 209 587 loco',
232 503 268 568 in
289 521 350 589 quo
372 499 437 569 fixa
458 507 541 587 erat,
564 505 597 568 et
618 501 784 589 paullatim
805 501 942 568 natando
965 502 1034 568 sine
1059 501 1178 587 remige
1205 505 1237 569 et
1252 463 1316 510 ramo

71 623 239 686 tentorum
260 618 413 706 impulsu,
440 617 516 686 licet
543 617 664 685 caelum
686 637 831 685 serenum
853 623 950 702 esset,
978 622 1089 705 sponte
1116 616 1157 685 ad
1183 637 1237 686 eos

71 741 156 804 recto
169 736 300 803 tramite
313 736 473 824 pervenit3
492 735 541 802 illi
555 740 661 803 auum
675 739 805 822 accepte
819 733 874 801 oab
889 732 1020 801 fluvium
1033 734 1234 802 transierunt

158 851 238 920 Post
263 852 342 920 haec
370 852 568 920 decrescente
595 857 737 938 tempore
765 855 798 918 et
818 849 928 938 populi
951 851 1114 919 deuotione
1136 853 1236 936 magis

72 974 103 1036 et
115 969 221 1052 magis
235 974 459 1055 succrescente,
481 970 516 1037 in
530 968 582 1037 die
602 973 675 1037 ante
688 967 847 1052 vigiliam⁰
863 968 964 1036 sancti
978 968 1134 1053 Iohannis,
1158 989 1237 1054 quae
1253 987 1310 1035 ruer.
1319 989 1350 1035 aa

72 1086 274 1172 subsequitur
305 1087 340 1152 in
367 1087 531 1174 proximo,
565 1086 667 1152 sancti
693 1085 851 1172 martyris·
871 1081 1128 1152 sollemnitatem¹
1157 1085 1237 1153 cele-

71 1203 211 1287 brantes,
234 1223 314 1291 puer
336 1202 464 1288 quidam
484 1207 521 1268 ut
538 1201 709 1290 putabatur
724 1221 878 1268 annorum
891 1221 957 1286 sex,
981 1201 1149 1269 adueniens
1165 1207 1237 1270 ante

72 1319 223 1405 reliquias
256 1320 359 1386 sancti
389 1319 555 1406 martyris,
588 1318 751 1385 brachium
777 1318 896 1385 hebens
924 1322 1132 1403 contactum,
1165 1323 1238 1406 post

7 1510 8 1513 Ἴ
72 1436 228 1502 diutinam
254 1437 428 1503 orationem
455 1439 550 1523 prout
571 1434 671 1503 valuit
696 1440 858 1523 peractam
885 1453 979 1500 sanus
1009 1434 1167 1522 perlectc‘¹
1188 1435 1238 1501 in-

7 1574 8 1631 j
71 1557 182 1620 ventus
206 1557 264 1619 est
338 1551 376 1619 ln
397 1552 569 1618 crasdnum
590 1573 665 1620 vero
688 1551 826 1619 officium
848 1551 1056 1639 vespertinale
1079 1551 1238 1620 celebran·
1254 1571 1350 1620 nerea

71 1670 152 1736 t‘bus
177 1669 289 1736 aderat
310 1668 439 1755 qnidam
460 1667 599 1754 claudus,
623 1669 677 1754 qni
698 1669 819 1735 nnllam
840 1667 1004 1752 gradiendi
1024 1668 1135 1736 habuit
1153 1668 1238 1737 vale·

72 1785 230 1870 tudinem,
256 1785 320 1853 nisi
346 1805 419 1853 cum
441 1786 561 1853 dnobus
582 1785 702 1852 baculis
725 1788 984 1868 sustentaretur03
1013 1786 1119 1871 sioqno
1142 1805 1237 1854 sunus

72 1904 239 1972 mendene
260 1902 339 1970 hora
359 1903 506 1970 inventus
528 1907 586 1988 est,
610 1921 646 1968 ac
668 1903 697 1969 si
717 1921 890 1988 numquam
912 1901 1140 1968 claudicasset‘.

157 2019 284 2087 Deinde
304 2020 493 2108 procedente
513 2023 656 2106 tempore
676 2019 890 2104 natalitiisque
910 2017 998 2086 Petri
1012 2025 1044 2086 et
1057 2017 1148 2085 Pauli
1163 2039 1238 2107 epo-
1253 2035 1348 2084 renes

7 2158 8 2203 3
73 2136 224 2204 stolorum
245 2137 517 2224 prosequentibus,
541 2135 709 2203 adveniens
725 2135 879 2222 quaedam
894 2135 1016 2221 mulier,
1039 2136 1167 2224 proprio
1185 2155 1238 2204 ca-

73 2274 142 2321 rens
170 2253 292 2321 lumine
315 2254 354 2321 ab
377 2255 475 2342 annis·
491 2254 643 2340 quinque,
672 2253 707 2320 in
729 2254 839 2320 eodem
860 2251 929 2320 loco
953 2254 1104 2321 ambrum
1124 2273 1237 2320 munus

7 2376 8 2453 ξ
73 2370 199 2458 recepit.
269 2369 343 2437 Mox
366 2371 568 2456 subsequenti
590 2370 753 2457 proximo⁸
769 2370 821 2437 die
841 2368 1319 2456 dominicoquidamolau-lul.1

7 2502 8 2559 ἕ
75 2487 129 2554 dus
150 2493 186 2554 et
206 2486 314 2575 puella
333 2487 468 2574 parvula
488 2492 621 2572 unoque
642 2506 725 2571 genu
746 2487 923 2554 contracta'¹
945 2492 976 2554 et
995 2488 1098 2572 gibba,
1122 2486 1239 2553 donum

7 2662 8 2683 2
75 2604 182 2671 salutis
207 2605 324 2692 adepti,
346 2602 498 2672 ineffabili
520 2603 643 2670 laetitia
663 2607 737 2670 sunt
757 2603 885 2670 reversi.
954 2603 1025 2671 Non
1045 2608 1119 2691 post
1139 2601 1238 2670 multo

7 2704 8 2707 ¹
76 2725 214 2809 tempore
242 2726 311 2788 erat
339 2721 492 2807 quaedam
520 2725 666 2787 matrona
689 2720 817 2787 nomino
839 2719 1012 2806 Hogardis,
1041 2739 1238 2787 commorans

7 2862 8 2891 1
76 2838 211 2925 inpage
233 2837 289 2924 qui
309 2841 439 2904 vocatur
459 2835 602 2922 Lainga',
625 2841 658 2904 et
678 2837 729 2904 vir
750 2837 817 2904 eins
836 2835 1065 2922 nomineWigo
1085 2857 1125 2904 ex
1139 2835 1239 2904 nobili

7 2996 8 3005 κ
77 2955 237 3041 progenie,
270 2954 492 3022 miserabiliter
525 2953 689 3021 debilitata
717 2958 750 3021 et
778 2959 940 3022 contracta
967 2973 1006 3021 ex
1034 2955 1120 3020 omni
1145 2958 1238 3040 parte

7 3070 8 3145 Q
78 3071 286 3138 menbrorum
308 3071 348 3139 ab
370 3072 461 3138 annis
484 3076 627 3157 quatuor,
651 3090 730 3156 quae
749 3069 897 3138 nonullo
912 3071 1005 3137 modo
1019 3074 1154 3158 poterat,
1175 3071 1238 3138 nisi

7 3222 8 3237 κ
77 3188 216 3255 manibus
239 3187 435 3255 servulorum
457 3191 685 3255 sustentaretur
707 3193 762 3254 aut
784 3187 887 3274 aliquo
905 3187 1047 3254 vehiculo
1063 3187 1236 3256 duceretur.

78 3303 160 3372 llaec
180 3325 253 3372 cnm
275 3305 414 3372 audnset
434 3304 552 3372 famam
569 3305 732 3388 virtutum,
755 3325 833 3390 quas
848 3302 1003 3371 Dominus
1018 3304 1139 3372 meritis
1153 3303 1238 3371 boeti

7 3422 8 3509 j
79 3423 222 3508 martyris
249 3422 375 3508 operari
401 3422 547 3506 (lignatus
575 3425 639 3506 est,
667 3421 761 3488 iussit
783 3421 844 3488 ribi
866 3439 1042 3505 carrucam,
1066 3422 1148 3488 sicut
1168 3441 1238 3488 mos

80 3544 126 3604 est
145 3539 178 3604 in
198 3537 255 3604 illa
275 3539 413 3623 regione,
435 3539 534 3622 iungi,
557 3539 800 3625 ascendensque,
822 3543 966 3605 nostrum
989 3537 1067 3604 adiit
1080 3543 1238 3606 monaste-

7 3734 8 3741 ἵ
80 3655 173 3738 rium,
199 3653 371 3742 implorans
400 3660 431 3722 et
457 3653 602 3739 flagitans
628 3653 690 3721 Dei
719 3660 751 3722 et
778 3656 878 3722 sancti
903 3656 1052 3741 martyris
1075 3654 1237 3721 auxilium.

7 3812 8 3833 e
80 3769 162 3849 Quae
189 3791 260 3838 curn
286 3777 412 3839 noctem
438 3772 615 3838 insomnem
641 3791 719 3859 prae
746 3771 847 3839 nimia
873 3771 1070 3857 gravitudine
1098 3771 1237 3858 corporis

7 3930 8 3995 p
80 3891 265 3974 pertransire
298 3906 363 3954 non
395 3887 546 3974 quivisset
573 3893 606 3955 et
631 3887 812 3954 matutinali
838 3893 980 3976 tempore
1007 3889 1097 3974 gravi
1126 3907 1238 3975 sopore

83 4005 318 4092 opprimeretur,
342 4004 465 4071 adstitit
486 4005 516 4071 ei
538 4004 683 4090 quidamk
704 4025 763 4093 per
785 4004 887 4071 mum
909 4006 944 4072 in
965 4004 1169 4072 similitudine
1190 4005 1238 4070 in-

147 4151 166 4184 a
180 4152 222 4186 suo
237 4140 294 4186 add.
306 4141 328 4186 2.
386 4138 409 4185 b.
425 4140 477 4186 neri
492 4141 514 4186 l.
569 4152 589 4186 c.
604 4139 630 4186 in
645 4139 682 4186 die
698 4141 751 4186 ante
765 4139 867 4197 vigilium
881 4142 964 4200 scripse·
976 4157 1018 4200 pro
1033 4139 1058 4186 in
1073 4138 1167 4196 gloriam
1183 4139 1205 4184 1.
1216 4139 1238 4185 2.

83 4217 105 4263 d
121 4218 216 4278 perirem
232 4237 276 4266 οι,
286 4220 308 4265 l.
371 4232 391 4264 e.
411 4221 576 4266 tumularetur
591 4237 633 4266 οιι.
644 4222 666 4265 2.
728 4219 745 4267 l.
766 4219 903 4267 chudioaret
919 4223 941 4266 2.
1003 4233 1024 4278 g.
1044 4219 1146 4280 proximo
1162 4235 1205 4268 oua.
1216 4220 1238 4266 l.

84 4296 266 4346 bccntractol.
327 4298 480 4357 thmgal.
541 4299 773 4360 kquidumoml.

150 4385 172 4439 t
195 4401 234 4442 se.
251 4391 379 4442 ochram
396 4383 423 4441 Β.
436 4384 505 4442 Viti.
