3117 4859
709 255 859 308 wmsunr
878 257 1045 309 serenent
1065 256 1104 305 ae.

410 401 607 471 sinceritatis
630 407 755 471 vestrae
776 402 900 470 litteras
923 401 1111 489 accepimus,
1133 401 1168 467 in
1187 401 1343 488 principio
1361 398 1484 485 quidm

321 521 371 589 sui
393 520 502 609 plenas
518 520 649 605 gratiae,
673 520 785 608 plenas
799 520 952 604 caritatis,
974 517 1084 607 plenas
1097 514 1204 585 filialis
1218 516 1357 601 allectus,
1378 515 1485 604 plenas

321 637 489 722 singularis
518 637 680 722 desiderii,
708 636 820 725 plenas
847 636 969 721 gaudih
997 635 1108 723 plenas
1134 634 1309 701 dulcedmis
1335 638 1370 701 et
1390 633 1487 701 bonae

321 754 406 841 spei3
430 773 491 840 quo
514 774 577 821 uno
601 759 633 821 et
655 753 764 823 eodem
786 760 945 822 momento
968 758 1001 821 et
1022 772 1076 819 cor
1097 757 1241 818 nostrum
1262 750 1488 817 abundantiore

320 870 428 937 leticie
449 874 481 937 et
503 870 609 937 oculos
631 876 755 938 noetms
778 871 927 939 uberibus
950 891 990 937 ex
1011 873 1119 936 vestra
1138 868 1257 955 pietate
1276 866 1489 935 lucrimiaim·

320 986 495 1074 pleverunt
530 986 656 1054 (iredite
677 987 779 1073 nobis,
802 987 894 1055 dulce
909 988 971 1053 iuit
989 1006 1026 1053 ac
1041 984 1211 1053 iocundum
1225 985 1350 1051 animae
1364 986 1489 1050 nostae

321 1104 439 1187 vivere,
463 1103 553 1170 dulce
576 1123 613 1170 ac
635 1104 805 1171 iocundum
825 1105 910 1171 inter
930 1108 979 1170 tot
999 1101 1150 1190 pericula,
1173 1120 1254 1187 quae
1269 1101 1322 1167 die
1334 1105 1491 1186 noctuque

321 1219 355 1287 in
379 1220 580 1307 expeditione
603 1242 698 1309 super
720 1241 861 1309 paganos
882 1225 971 1286 hans
993 1219 1101 1286 Albim
1115 1220 1150 1285 in
1171 1218 1253 1285 silva
1267 1216 1401 1284 Ercinia
1421 1236 1490 1304 per-

321 1336 462 1422 tulimus,
486 1336 586 1403 ritum
610 1342 643 1404 et
665 1338 851 1425 sospitatem
873 1355 1026 1420 servasse,
1050 1340 1089 1401 ut
1108 1334 1257 1401 videlicet
1275 1334 1376 1400 tantis
1400 1334 1491 1401 bene

320 1452 416 1539 liciis,
445 1473 525 1540 quae
548 1453 587 1519 de
609 1460 717 1521 vestre
738 1453 927 1521 salutatione
949 1457 982 1519 et
1001 1451 1184 1519 uisitatione
1205 1451 1420 1538 suscepimus,
1445 1451 1491 1517 hi—

321 1569 432 1637 lariter
452 1570 638 1637 fi'ueremur.
670 1569 789 1637 Verum
811 1590 893 1654 cum,
915 1571 1037 1636 intento
1060 1568 1101 1635 ad
1122 1567 1255 1634 meliora
1271 1568 1390 1653 animo,
1412 1567 1492 1635 tanti

321 1687 395 1753 boni
429 1687 673 1774 participatione
706 1686 879 1774 perfuncti,
913 1688 1064 1773 paginam
1095 1690 1235 1751 vestram
1267 1686 1491 1771 percurrimus,

322 1803 425 1870 subito
448 1802 611 1871 exhorruit
632 1805 765 1889 enimus,
790 1802 944 1890 expalluit
962 1803 1060 1869 facies
1083 1807 1115 1869 et
1136 1822 1246 1867 versus
1261 1803 1358 1868 estin
1373 1802 1491 1869 luem

322 1918 434 1986 ahorne
457 1926 565 1988 noster
574 1916 591 2005 ¹,
615 1940 686 1986 cum
709 1921 744 1986 in
765 1920 837 1986 illas
854 1918 1049 1986 miserabiles
1066 1918 1280 2004 querimonias
1294 1923 1421 1987 vestras
1435 1920 1492 1985 im·-

322 2035 481 2123 pegimns,
512 2058 592 2122 quae
619 2036 741 2104 coelum
771 2040 916 2123 possent·
938 2041 1120 2123 penetrare,
1149 2036 1178 2101 si
1206 2035 1345 2122 peccetis
1375 2035 1492 2102 nostris

321 2153 574 2240 promerentibus
603 2150 752 2221 aeneum¹
774 2174 838 2220 non
865 2158 948 2219 esset
974 2152 1108 2236 factum,
1137 2173 1177 2218 ne
1204 2155 1348 2218 mensem
1375 2152 1491 2233 oratio;

322 2274 467 2356 possent,
495 2270 641 2355 inquam,
677 2290 873 2337 commovere
900 2274 1035 2353 terrum,
1069 2269 1096 2334 si
1125 2288 1190 2335 non
1217 2266 1336 2335 offenso
1367 2272 1493 2334 anctore

322 2383 413 2452 nobie
437 2386 592 2453 elementa
612 2386 811 2454 rebellarent.
846 2385 984 2469 Ingressi
1005 2384 1113 2470 itaque
1134 2386 1169 2451 in
1190 2384 1369 2472 penetralia
1391 2384 1493 2451 cordis

322 2503 423 2569 nostri
445 2507 477 2569 et
498 2503 533 2569 in
556 2503 707 2570 archanus
731 2504 854 2570 animae
876 2507 1003 2568 nostrae
1017 2520 1160 2568 recessus
1174 2501 1291 2586 diuque
1306 2522 1345 2567 ac
1358 2499 1493 2567 multum

323 2618 442 2705 questi,
478 2638 550 2685 cum
577 2624 687 2686 nostre
715 2620 907 2687 conscientie
934 2617 1194 2705 disceptavimus,
1224 2617 1437 2702 disquirentes
1464 2620 1494 2683 et

322 2736 508 2820 iudicantes,
530 2736 662 2803 nobisne
685 2756 725 2801 en
739 2736 830 2802 vobis
843 2735 999 2801 universis
1013 2734 1166 2821 imputari
1179 2734 1249 2801 iure
1264 2734 1389 2819 debeat,
1412 2732 1493 2820 quod

323 2872 381 2941 per
402 2851 531 2937 longam
553 2852 728 2919 absentiam
750 2857 892 2918 nostram
908 2850 1094 2918 Stabulense
1115 2850 1343 2917 monasterium
1365 2856 1435 2919 tem
1449 2848 1493 2915 la-

324 2968 538 3037 crimabilibue
566 2968 667 3035 modis
694 2968 865 3050 laceratum
892 2988 990 3034 vosne
1011 2967 1046 3033 in
1068 2966 1163 3053 culpa
1184 2967 1270 3051 sitis,
1300 2968 1371 3052 qui,
1396 2967 1492 3034 omni·

324 3085 438 3151 fariam
465 3084 565 3151 nostri
588 3090 777 3172 potestatem
800 3084 966 3167 habentes,
997 3084 1037 3149 ad
1057 3084 1200 3168 regimen
1222 3082 1425 3151 Corbeiensis
1447 3102 1492 3149 eo-

325 3200 439 3267 cleeiae
466 3220 524 3267 nos
552 3201 701 3269 emisistis
727 3200 779 3267 vel
806 3200 919 3267 saltem
945 3200 1125 3283 dimisistis3
1154 3220 1196 3266 nn
1222 3220 1282 3267 nos
1308 3200 1358 3265 rei
1386 3201 1492 3282 simus,

326 3318 381 3404 qui
409 3316 449 3383 ad
475 3321 613 3384 vestrum
635 3316 844 3401 voluntatem,
874 3337 915 3383 ne
936 3316 1077 3383 dicamus
1098 3316 1287 3401 iussionem,
1316 3317 1418 3383 tantis
1438 3335 1492 3383 nos

327 3432 588 3501 sollicitudinibus
611 3439 643 3501 et
665 3432 887 3501 offensionibus
911 3468 953 3479 -
976 3432 1088 3499 relicta
1108 3434 1206 3500 immo
1224 3438 1261 3499 ut
1273 3454 1423 3501 veremur
1442 3410 1492 3498 de·

327 3554 412 3617 serta
433 3554 535 3617 matre
557 3556 675 3634 nostre,
699 3550 877 3616 educatrice
899 3539 936 3616 ac
956 3550 1079 3616 nutrice
1101 3555 1212 3616 nostra
1226 3548 1410 3617 Stebulensi
1427 3568 1492 3615 asc-

327 3666 423 3735 elesie
442 3702 483 3712 ·-
506 3664 717 3752 implicuimus.
758 3664 831 3732 Etsi
858 3666 942 3732 enim
970 3666 1092 3750 magni,
1119 3665 1188 3732 Deo
1215 3666 1249 3732 id
1276 3672 1492 3753 pervenirem

328 3782 577 3850 adhortationem
600 3787 727 3866 egsum,
758 3801 866 3848 sumus
887 3782 978 3848 iuxta
998 3801 1112 3849 nomen
1134 3802 1323 3867 magnorum
1345 3783 1402 3869 qui
1424 3784 1493 3848 sunt

326 3901 360 3967 in
382 3904 481 3984 terra,
511 3898 591 3966 scire
613 3902 721 3964 tamen
742 3899 891 3985 potestis,
915 3898 998 3983 qnod
1020 3904 1137 3984 quanto
1160 3899 1255 3965 altius
1278 3899 1492 3966 conscendisse

327 4015 495 4099 cernimur,
521 4019 609 4080 tanto
632 4013 734 4097 magis
756 4014 796 4081 de
817 4014 904 4081 vario
926 4015 1038 4081 ruinae
1060 4034 1136 4081 caen
1156 4016 1382 4102 pertimescere
1405 4016 1491 4084 debe·

326 4151 413 4214 mus3
445 4135 477 4197 et
505 4136 621 4216 quanto
652 4129 788 4217 amplius
811 4135 955 4198 crescunt
977 4130 1059 4197 dona
1080 4130 1251 4219 honorum,
1282 4134 1373 4200 tanto
1395 4130 1490 4217 magis

399 4294 419 4327 a
438 4267 505 4340 pose-t
519 4298 538 4327 c.

399 4375 424 4433 1.
442 4373 581 4448 Thronb,
594 4374 637 4430 15.
708 4374 733 4429 2.
753 4372 794 4431 cf.
814 4374 927 4433 Denter.
939 4374 982 4446 28,
994 4377 1036 4432 23.
