3117 4859
346 261 415 329 490
669 277 820 326 ιιιιιιιιι
839 275 1027 326 ιιιιιιοιιιι
1047 275 1128 324 sso-
1134 275 1188 326 sss.

260 427 330 490 ιιιι
348 421 431 490 bons
452 419 686 490 Kaminatensia
708 417 879 488 aecclesiae
900 424 1088 508 presumunt
1108 419 1241 506 aniene,
1266 419 1406 490 debitam
1425 419 1516 488 iusti·

271 501 427 606 1119ιιιιιι
448 538 556 606 facias.
601 536 685 604 Data
706 541 743 606 ιι
764 555 871 624 supra

347 750 436 823 361.
456 753 618 840 queraios
632 750 695 818 ΙΙΙ
706 774 799 840 popo
821 753 926 819 abbati
940 750 1177 839 Lembaroeosi
1193 753 1335 836 mandet,
1357 776 1519 820 semeso·

454 871 581 936 sterium
604 869 784 936 Gorbeim
811 870 850 936 ab
872 867 1021 934 Heionoo
1050 868 1165 934 deiecto
1193 870 1303 936 abbate
1330 872 1441 936 vauri
1460 893 1519 956 pn·

455 988 558 1052 Μαι·
1357 982 1521 1066 (Essa.)

248 1129 318 1186 1152
433 1117 536 1186 Idem
562 1135 665 1205 pape
691 1115 825 1184 abbati
853 1115 899 1183 de
925 1113 1194 1184 Lunenbnrcb

239 1203 294 1264 (ran.
302 1203 326 1264 ⁹³
434 1236 521 1303 Tuae
542 1233 702 1302 dilectioni
723 1238 835 1301 notum
855 1231 927 1300 tisri
940 1231 1095 1318 volumus,
1118 1233 1201 1319 qnod
1217 1230 1401 1320 Heinricns,
1424 1254 1521 1320 quon

346 1353 419 1420 dam
433 1350 631 1419 corbeiensis
655 1349 761 1436 abbas,
786 1349 826 1416 ad
847 1353 991 1417 nostram
1005 1349 1200 1438 presentiam
1212 1349 1343 1418 veniens
1357 1351 1521 1418 humiliter

344 1468 532 1557 postulavit,
561 1467 633 1534 ιι
624 1486 730 1554 ipsum
758 1465 795 1533 in
822 1486 879 1533 suo
906 1465 1143 1534 restitueremus
1172 1463 1284 1534 officio.
1331 1467 1427 1546 Quod
1450 1469 1521 1554 quia

344 1585 461 1654 raboni
483 1587 727 1652 consentancum
742 1582 874 1650 minime
887 1581 1054 1650 ridebatur
1069 1588 1101 1651 et
1115 1584 1274 1671 quantitas
1289 1583 1407 1671 culpes
1420 1585 1520 1672 ipsiu

343 1723 425 1791 pene
450 1701 543 1768 buius
567 1699 753 1768 allevatione
773 1698 939 1766 ridebatur
960 1699 1105 1787 indigna,
1133 1700 1252 1768 nullam
1273 1702 1408 1768 omnino
1431 1701 1521 1768 resti·

343 1819 499 1886 tutionem
521 1817 560 1884 de
581 1818 652 1904 ipso
674 1837 732 1884 nos
748 1815 862 1884 iecisse
876 1835 1055 1901 cognoscas.
1086 1817 1282 1885 Insinuatum
1298 1822 1349 1884 est
1361 1819 1520 1904 siquiden

344 1935 446 2021 nobis,
469 1934 553 2022 quod
575 1935 742 2002 temerario
766 1953 845 2000 ausu
867 1938 978 2000 contro
994 1933 1199 2022 depositionis
1213 1935 1420 2020 sententiam,
1443 1955 1520 2021 qnae

344 2051 486 2120 ibonae
507 2050 678 2119 memoriae
700 2049 822 2117 Thema
842 2049 1017 2138 presbitero
1039 2050 1202 2137 cardinali,
1227 2056 1304 2117 tunc
1324 2051 1521 2138 apostoli&

343 2167 564 2253 sedelegien,
587 2167 622 2234 in
645 2187 717 2235 eum
739 2165 865 2254 prolate
882 2186 951 2234 esse
965 2165 1150 2254 dinoscitur,
1172 2166 1328 2235 cannabe
1341 2173 1519 2255 presumat

343 2283 433 2365 Quod
460 2303 556 2372 quarn
581 2283 698 2351 rationi
727 2283 920 2350 conburinm
942 2287 975 2351 et
997 2284 1017 2351 t
1038 2289 1217 2353 sanctorum
1238 2291 1366 2373 patrum
1388 2284 1520 2352 institn-

343 2401 482 2469 tionibus
504 2401 630 2489 penitus
654 2400 696 2468 sit
718 2399 867 2486 alienum,
891 2399 944 2486 qui
961 2399 1029 2468 zelo
1043 2402 1241 2469 rectitudinis
1255 2402 1366 2487 utitur,
1387 2401 1521 2489 penitus

344 2538 409 2586 non
430 2519 565 2603 ignorat
600 2517 682 2598 Quia
702 2517 801 2603 igitur
823 2517 864 2584 ad
886 2516 1080 2606 apostolatus
1101 2519 1203 2586 nostri
1225 2515 1361 2585 officium
1380 2523 1520 2604 spectat,

344 2640 450 2703 errata
475 2635 632 2719 corrigere
655 2638 774 2702 ettam
796 2634 934 2702 nefarias
955 2635 1209 2723 presumptiones
1231 2633 1397 2703 demedio
1422 2636 1521 2702 extir-

342 2773 430 2841 pare,
453 2752 649 2840 presentium
670 2751 729 2819 tibi
752 2751 938 2820 anctoritate
954 2752 1152 2837 mandamus,
1175 2753 1322 2839 quatinus
1336 2751 1520 2839 predictum

343 2866 567 2951 H(einricnm)·
582 2868 724 2935 districtc
749 2887 965 2953 commoneas,
993 2872 1031 2935 ιι
1053 2868 1073 2935 i
1092 2872 1183 2935 ιιιιι
1202 2868 1446 2956 presumptione
1467 2868 1520 2937 de

343 2985 437 3053 sistat
458 2989 490 3052 et
511 2984 673 3073 predictos
696 2986 872 3053 sententiae
887 2986 922 3052 in
938 2986 1044 3073 ipsum
1058 2985 1200 3072 prolatae
1213 2985 1344 3052 minime
1357 2985 1520 3054 mntraim

342 3105 515 3190 presumat.
562 3100 597 3168 Si
626 3105 730 3168 antem
759 3102 798 3169 de
824 3101 946 3188 reliquo
972 3100 1193 3170 Corbeienssm
1219 3101 1378 3170 abbatiam
1400 3123 1519 3172 vome

344 3237 400 3286 seu
421 3217 590 3286 molestare
612 3195 826 3306 tcmntaverit,
849 3219 946 3304 digna
966 3220 1072 3306 ipsum
1093 3217 1213 3286 altone
1233 3216 1413 3287 cohercens.

345 3430 433 3506 362.
454 3432 615 3521 Eusebiae
631 3431 693 3502 III
704 3457 798 3524 popo
815 3437 983 3524 episcopos,
1007 3437 1141 3516 comica
1163 3435 1293 3503 bosom
1306 3435 1519 3504 Alamanniae

452 3549 608 3634 bottelaer,
638 3561 673 3618 ot
695 3550 839 3618 Conrado
859 3550 923 3620 III
945 3553 1013 3640 αφ’
1033 3553 1169 3620 Romam
1191 3553 1275 3618 ιιιιιιὲ
1288 3551 1433 3644 fideliter
1452 3577 1518 3618 ser·

451 3668 546 3734 cieret
1349 3665 1404 3749 (bt
1424 3669 1517 3752 339.)

244 3816 316 3871 1152
430 3799 592 3884 Eugenius
614 3799 780 3888 episcopus
803 3821 913 3868 servus
935 3821 1099 3868 serrorum
1119 3799 1183 3868 Dei
1198 3799 1430 3869 vacuatione
1451 3804 1518 3870 fra·

239 3889 325 3939 Μ
341 3917 444 3987 tribus
467 3915 720 4005 archyepiscopis
743 3917 911 4006 episcopis,
934 3923 967 3985 et
988 3917 1111 3985 dilectis
1131 3915 1207 3984 tiliis
1228 3918 1394 3986 comitibus
1410 3925 1447 3986 ct
1461 3920 1517 3986 ba-

341 4035 488 4121 ronibus,
521 4053 579 4122 per
606 4033 832 4102 Alamanniam
864 4035 1045 4103 constitutis
1077 4034 1213 4102 salutem
1243 4039 1277 4102 et
1309 4034 1515 4123 apostolicam

343 4151 599 4220 benedictionem.

433 4267 522 4336 Sicut
544 4267 564 4334 i
585 4271 722 4335 rectore·
737 4266 806 4335 Deo
830 4267 871 4336 sd
892 4267 1027 4338 salutem
1048 4268 1179 4337 bumani
1199 4268 1324 4355 generm
1344 4268 1405 4336 duo
1424 4267 1512 4336 kari·

414 4422 435 4457 a
456 4409 556 4458 omniun
570 4411 685 4460 ποιῶσι
698 4409 793 4460 etium
