3117 4859
421 304 570 353 msam
592 304 779 353 scismata
801 302 854 351 14⁷.
872 302 925 351 148.
1192 292 1258 359 229

83 440 169 511 rica'
190 444 264 511 duci
291 444 441 531 suaviae,
469 444 585 513 Enricc
613 446 686 514 duci
709 445 881 531 Senoniae,
908 445 1047 515 Bretclic
1074 445 1140 515 filie
1168 449 1345 518 ducis1148

82 558 240 646 Conradi,
275 561 418 631 Ocnrsdc
451 563 524 629 duci
558 562 596 631 da
624 558 797 647 cebering'
824 584 883 651 pre
915 563 1052 651 dampno
1085 570 1118 631 et
1143 585 1258 649 guerra

81 676 192 743 dornni
215 680 299 763 regis
323 678 460 747 Ganradi
482 677 688 764 defferebant,
716 678 830 765 quibus
852 680 1130 747 commonebantur
1152 688 1185 749 et
1205 703 1257 749 rc-

79 794 241 877 gabuntur
264 796 284 862 a
305 794 421 880 Siculo,
443 801 490 881 ut,
513 816 593 881 quae
615 796 679 863 illis
695 795 826 865 Guelfns
846 796 886 863 de
901 816 959 863 suc
973 795 1112 883 proficue
1127 798 1256 885 diceret,

78 910 233 979 facerent.
270 910 427 979 Studeatis
458 932 531 995 crgo
559 910 624 979 filio
651 914 736 997 regis
765 917 798 980 et
824 913 922 981 etiam
947 912 1062 981 domuc
1083 916 1152 999 regi
1174 914 1256 982 Gen·

77 1026 159 1093 rade
182 1032 217 1095 et
237 1026 382 1095 fidelibus
405 1030 471 1096 suis
493 1028 556 1096 ista
571 1028 742 1113 notificare,
766 1035 803 1096 ut
823 1030 889 1096 siut
909 1028 984 1097 inde
1005 1031 1131 1115 muniti,
1154 1037 1187 1099 et
1207 1032 1256 1099 illi

77 1143 265 1230 capiantur,
299 1142 423 1213 sideri
450 1148 575 1232 potest·
648 1145 816 1213 Caeterum
842 1146 967 1230 scistis,
995 1146 1071 1231 quia
1095 1146 1255 1231 Ctencius)

76 1256 275 1347 Fraiapane,
305 1266 457 1347 qnantum
478 1267 598 1349 petest,
628 1263 717 1331 vebis
741 1282 854 1329 necere
876 1262 998 1346 studet,
1027 1267 1059 1329 et
1080 1282 1165 1350 pape
1187 1265 1255 1333 eius

75 1374 229 1458 concilim
260 1383 291 1445 at
313 1377 374 1445 hcc
393 1377 440 1445 ita
462 1398 572 1445 veram
594 1383 658 1463 est,
686 1378 769 1465 quod
792 1378 967 1447 cardinales
990 1377 1198 1447 laudaverunt
1219 1402 1256 1449 se

76 1511 186 1559 caram
203 1490 344 1575 C(encio)
359 1493 536 1581 Fraiapene
559 1499 591 1563 et
612 1496 770 1579 dixerunt,
794 1516 829 1562 se
851 1495 1042 1563 conclusisse
1056 1516 1112 1564 vos
1129 1502 1162 1563 et
1176 1495 1254 1564 Gre-

74 1628 129 1677 ucs
148 1608 305 1677 Venetiae
327 1615 489 1696 tamquam
510 1630 603 1679 canes
627 1617 659 1679 et
680 1606 860 1696 mestincs'‚
884 1610 962 1678 adea
985 1617 1023 1679 nt
1035 1613 1133 1680 nichil
1147 1612 1254 1682 Siculo

73 1745 193 1793 nocere
216 1726 345 1813 possitis
368 1748 408 1794 ex
430 1728 489 1795 hac
510 1732 610 1816 parte.
645 1727 717 1814 Ipse
738 1748 825 1816 papa
845 1728 976 1795 nuncios
997 1729 1086 1796 misit
1108 1730 1253 1813 ad,Sicn-

72 1842 142 1909 lum
171 1862 233 1929 pru
256 1848 361 1911 vestra
383 1844 536 1932 dampno,
559 1845 588 1912 si
609 1864 681 1911 cum
705 1864 740 1912 eo
764 1849 870 1931 petest
891 1845 975 1929 qued
996 1846 1065 1913 vult
1086 1844 1270 1943 perficeres

73 1965 105 2026 et
127 1964 262 2043 treugas
284 1979 357 2027 cum
384 1980 421 2027 co
450 1961 545 2029 hebet
573 1980 672 2047 usque
700 1960 740 2028 ad
763 1961 1003 2047 quadriennium
1026 1961 1137 2029 adhuc.
1176 1962 1253 2029 Prc-

72 2081 188 2163 pterea
212 2076 247 2143 in
270 2096 307 2143 ec
329 2096 393 2145 ncn
415 2076 588 2162 confidatis,
611 2098 670 2145 nec
692 2076 732 2145 de
753 2078 868 2145 vestris
890 2096 946 2146 vcs
969 2083 1024 2145 aut
1038 2076 1132 2146 Greci
1150 2080 1181 2145 ci
1194 2080 1252 2146 tri-

71 2194 194 2279 buatis,
219 2194 368 2280 quoniam
389 2198 491 2261 tutum
513 2194 592 2261 illud
614 2193 804 2278 ammittitis,
828 2200 861 2261 et
881 2194 996 2261 melius
1017 2195 1109 2280 foret,
1133 2196 1161 2262 si
1179 2216 1251 2263 san·

4 2355 5 2358 =
72 2310 161 2377 dulia
192 2310 385 2397 pauperibus
412 2314 467 2379 ant
489 2310 668 2379 homnibus
690 2312 805 2379 restris
827 2311 1003 2377 dedissetis.
1038 2310 1118 2378 Cum
1140 2317 1252 2379 senatu

70 2427 173 2512 igitur
199 2432 233 2493 ct
253 2426 370 2515 populo
384 2425 525 2493 Romano
548 2426 752 2511 conveniatis,
780 2427 929 2512 qnoniam
950 2447 1008 2514 per
1029 2427 1101 2494 illos
1123 2428 1252 2495 iuvante

70 2544 141 2611 Dec
167 2544 296 2610 vincere
318 2542 472 2629 petentis.
508 2540 600 2611 Greci
624 2549 729 2611 autam
750 2542 840 2627 large
861 2543 1053 2610 distribuant
1073 2564 1146 2628 sua,
1174 2565 1250 2628 quc·

70 2660 162 2727 niam
188 2659 313 2727 dicente
336 2657 517 2727 Salomone:
542 2664 698 2748 pecuniae
727 2662 874 2727 obediant
896 2656 1028 2727 cannia‘.
1062 2660 1106 2727 Et
1126 2660 1250 2729 Siculus

70 2776 104 2843 in
120 2776 267 2843 avaricia
282 2774 454 2844 Greccrum
474 2774 611 2861 suddit,
634 2776 750 2843 idcirco
766 2781 908 2863 tempere
931 2782 1086 2864 cpcdunc
1108 2796 1167 2843 sua
1185 2777 1250 2845 dis·

70 2894 184 2981 pertit-
222 2892 272 2960 Ita
294 2893 409 2979 stipsi
431 2892 558 2977 sudant,
582 2892 610 2959 si
631 2893 757 2959 uincere
779 2892 898 2960 volunt.

75 3124 165 3197 148.
189 3124 352 3214 Euymr'us
366 3124 423 3191 ΠΙ
430 3149 520 3214 papa
539 3126 679 3193 Wicatdo
696 3135 725 3189 et
739 3128 873 3212 captato
890 3126 1065 3193 Cordeiertse'
1077 3126 1246 3217 siqm'fieut,

189 3266 223 3309 ae
246 3242 440 3308 ecclesiarum
460 3245 611 3331 praelatis
631 3244 811 3323 mandasse,
839 3268 879 3308 ce
901 3241 1083 3309 Heinrieam
1106 3240 1128 3305 I
1150 3264 1248 3329 quoa·

189 3360 264 3423 dam
287 3359 426 3425 abbatem
450 3360 582 3425 eeclesiis
603 3361 666 3425 sais
687 3362 866 3447 reciperent.
1087 3355 1141 3437 (M.
1160 3356 1248 3436 120.)

164 3489 328 3576 Eugenius
357 3493 523 3579 episeopus
549 3512 659 3561 servus
681 3512 844 3560 servarum
866 3490 928 3558 Dei
949 3491 1062 3557 dilecte
1085 3488 1149 3555 filie
1169 3488 1248 3570 wc·
1268 3507 1335 3561 1149

72 3609 183 3692 baldo)
219 3607 325 3674 abbati
361 3613 393 3675 et
426 3608 563 3696 capitulo
597 3608 777 3677 Corbciensi
812 3608 945 3675 salntem
978 3613 1011 3673 ct
1043 3606 1247 3694 apostolicam
1265 3581 1335 3627 ¹⁸²¹

70 3724 337 3795 benedictionem.

165 3842 327 3921 Quantum
349 3840 391 3908 ait
412 3842 623 3909 necessarium
651 3839 870 3926 religiosorum
897 3840 1121 3906 monacharum
1148 3838 1246 3922 quieti

71 3960 260 4048 prospicere
282 3957 374 4025 etde
396 3958 538 4045 ipserum
560 3958 696 4026 utilitate
719 3958 853 4025 sollicite
874 3958 1022 4040 cogitare,
1047 3960 1120 4021 ante
1141 3958 1245 4019 aetum

73 4076 233 4160 officinm,
263 4074 347 4160 quod
368 4075 401 4141 in
425 4074 569 4142 abbatiae
590 4076 744 4161 regimine
766 4072 936 4159 gessimus,
965 4092 1022 4138 ncs
1044 4070 1193 4137 informat
1213 4074 1246 4135 et

72 4198 200 4261 creator
223 4191 363 4259 omniurn
378 4188 464 4258 Deus
486 4212 545 4279 per
566 4192 634 4277 hoe,
659 4192 741 4277 quod
755 4188 875 4257 Mariae
896 4207 1025 4256 cansam
1039 4189 1148 4252 centra
1160 4183 1244 4250 Mar-

147 4333 173 4389 1.
198 4331 253 4403 111,
278 4335 342 4402 pest
365 4330 432 4403 regi.
513 4333 539 4387 2.
563 4330 598 4389 de
621 4332 765 4405 zeringen.
845 4330 872 4383 3.
895 4342 978 4383 canes
1000 4323 1166 4397 paduana.
1181 4324 1242 4380 Ital.

74 4420 236 4495 „mastini“.
308 4420 335 4477 4.
358 4420 574 4493 Eccls.10,19.
