3117 4859
305 250 370 319 358
640 266 789 317 umnam
810 265 998 317 mucronis
1018 264 1072 313 ssa
1088 266 1142 315 sus.

218 416 289 478 1150
305 412 409 479 visum
432 414 481 478 cst
501 409 603 495 nobis,
630 408 784 477 directam
805 409 996 496 peticionem
1018 428 1059 475 ex
1079 428 1216 496 persom
1237 409 1357 477 domini
1378 410 1481 476 nosti

304 528 388 613 regis
410 526 563 611 scribere,
587 546 644 613 pro
667 546 704 594 eo
727 526 811 613 quod
832 524 1042 613 principalem
1064 524 1282 594 excellentiam
1303 546 1368 594 non
1391 526 1484 593 deest

304 643 361 711 illa
381 641 554 731 postulare,
578 663 658 729 quae
681 643 742 711 sibi
764 643 834 709 iure
855 642 966 727 nsgsri
986 641 1139 709 valcant.
1186 641 1350 728 Siquidem
1370 648 1485 709 sancta

304 764 407 827 mater
428 764 538 827 nostra
551 758 695 827 Romana
717 758 870 827 aecclesia
891 778 987 846 super
1008 764 1133 846 petram
1154 758 1287 825 mndata
1308 757 1397 844 leges
1414 779 1438 825 a
1450 778 1486 825 se
1548 801 1552 807 -

305 876 447 945 maditus
461 896 661 962 nequequam
681 876 818 943 destruit
837 895 896 943 nec
914 874 1124 961 repugnantia
1138 875 1355 960 aliquomodo
1369 875 1485 960 sancit,

303 992 380 1060 licet
405 992 531 1061 decreto
553 1013 611 1059 sua
630 1012 689 1079 pro
712 998 891 1079 temporum
912 991 1081 1076 remeate,
1108 1011 1167 1078 pro
1189 990 1330 1059 locorum
1354 996 1487 1080 oportu-

304 1109 415 1208 nitatc‚
438 1127 496 1196 pro
519 1128 626 1175 rerum
649 1113 681 1174 et
702 1128 911 1194 personarum
932 1106 1085 1194 qualitate
1107 1107 1291 1196 disponsm
1313 1126 1353 1177 sc
1374 1108 1488 1177 mode

304 1227 381 1310 rari,
403 1230 436 1292 et
457 1225 548 1311 quasi
571 1225 796 1293 detrimentum
816 1224 886 1311 pati
903 1225 1110 1291 consueverit.
1140 1223 1214 1291 Non
1227 1244 1302 1307 crgo
1317 1225 1489 1291 mandabit

305 1362 406 1427 nsque
429 1338 637 1425 confirmabit,
659 1342 751 1407 utin
774 1340 896 1408 duabus
918 1340 1125 1425 dignitatibus
1147 1360 1213 1407 una
1233 1360 1372 1427 persona
1386 1340 1490 1408 subli-

305 1464 424 1541 metur;
444 1462 502 1541 set
519 1476 592 1525 cum
606 1458 676 1525 sins
691 1456 819 1544 querela
832 1456 952 1525 factum
964 1457 1071 1542 merit,
1086 1454 1147 1524 hoc
1161 1478 1202 1525 cx
1216 1464 1351 1545 paterna
1365 1458 1489 1525 disue-

304 1575 390 1641 tione
417 1573 637 1641 dissimulabit
684 1573 820 1642 Credere
847 1593 943 1659 snper
963 1574 1024 1640 hoc
1044 1574 1136 1641 nobis
1158 1574 1308 1660 potestis,
1336 1593 1406 1641 non
1427 1594 1489 1661 pro

305 1691 424 1759 noticia
456 1709 629 1775 canonum,
664 1694 713 1757 set
744 1710 803 1777 pro
833 1710 928 1758 sensu
956 1694 989 1757 et
1016 1688 1156 1756 efficacia
1182 1689 1486 1777 experimentorum.

305 1806 499 1874 Rethoricati
521 1828 629 1874 sumus
650 1807 685 1874 in
706 1802 840 1874 litteris¹
862 1806 981 1873 domini
1001 1806 1104 1873 nostri
1125 1808 1220 1892 regis,
1243 1807 1318 1893 quia
1337 1807 1486 1891 negando

307 1921 532 1989 affirmavimus
554 1929 587 1990 ct
607 1944 671 1990 nou
686 1923 826 2008 rogando
844 1923 1040 2007 rogavimus3
1064 1942 1143 2008 quas
1157 1923 1227 1991 ideo
1242 1923 1332 1990 vobis
1348 1924 1487 1990 necdum

307 2041 506 2124 consignatas
528 2040 777 2126 transmisimus,
804 2046 841 2107 nt
861 2038 1007 2127 possitis,
1036 2040 1065 2105 si
1086 2039 1258 2127 placuerit,
1288 2041 1328 2107 dc
1351 2040 1486 2107 artificio

306 2163 414 2225 nostro
437 2157 572 2242 quedam
594 2157 778 2242 immutare,
808 2157 924 2224 addere
946 2154 997 2223 vel
1018 2155 1170 2222 minuere.
1215 2155 1337 2241 Viuite,
1368 2162 1403 2223 st
1428 2178 1486 2223 uos

300 2272 438 2357 diligite.
525 2272 683 2340 Adducite
705 2273 746 2340 ad
768 2274 889 2339 curiam
910 2272 1072 2340 vobiscum
1094 2273 1253 2341 modicum
1275 2273 1409 2341 casem
1432 2294 1485 2341 ve·

308 2392 409 2455 strum
431 2387 645 2458 Erleboldum.

311 2634 400 2709 239.
423 2640 584 2705 Comedus
597 2638 654 2704 III
668 2662 725 2705 rete
739 2636 884 2725 Eupenio
899 2636 958 2705 ΙΠ
966 2662 1076 2727 popae
1099 2640 1137 2705 de
1154 2642 1377 2731 praepositura
1392 2640 1485 2707 Xon-

422 2757 499 2821 tensi
523 2754 691 2821 Tdiedoldo
719 2756 833 2820 collato
857 2756 978 2842 pretias
1005 2758 1078 2842 opit.
1123 2757 1212 2833 Petit,
1234 2768 1270 2820 ut
1290 2758 1423 2822 modum
1445 2760 1485 2823 at

288 2846 302 2868 f
422 2872 562 2937 Amoldo
579 2872 809 2959 archiepiscopo
827 2871 1000 2936 Coloniensi
1014 2882 1153 2956 tueatar5
1164 2870 1346 2961 foventque,
1362 2874 1486 2960 risorie

423 2990 514 3054 etiam
537 2988 602 3053 alio
624 2988 751 3053 ecclesio
773 2987 872 3051 eidem
894 2987 1054 3075 offeratur.
1099 2988 1199 3054 Addit
1219 2989 1258 3053 de
1282 2986 1409 3070 Otiose,
1433 2990 1486 3077 qui

422 3103 531 3168 clerico
554 3127 665 3169 nomem
687 3105 881 3169 inescaveris
1322 3100 1378 3184 (ti
1398 3104 1484 3185 181.)

224 3244 295 3300 1150
400 3235 613 3303 Dilectissimo
635 3236 670 3302 iu
685 3235 810 3303 Christo
829 3236 915 3322 patri
929 3255 985 3304 sno
999 3235 1169 3321 Elugcnio)
1184 3240 1311 3302 sanctae
1324 3236 1485 3305 Romam

312 3352 482 3420 aecclesiae
510 3360 632 3419 summo
659 3350 802 3439 pontifici
830 3351 1019 3436 (ilenrudus)
1046 3351 1109 3419 Dei
1141 3353 1245 3437 gratia
1270 3353 1485 3421 Romanorum

312 3489 370 3536 rex
399 3472 431 3535 et
458 3488 583 3556 semper
611 3474 762 3553 augustus
791 3463 920 3537 filialem
945 3489 1004 3556 per
1026 3470 1132 3537 omnia
1154 3469 1355 3538 dilectionem
1378 3481 1413 3537 et
1434 3472 1485 3538 de·

312 3586 411 3653 bitam
433 3585 468 3651 in
490 3582 626 3652 Domino
647 3586 866 3653 reverentiam.

403 3700 536 3769 Gratum
550 3703 648 3770 ‘nobis
665 3701 757 3769 valde
780 3707 830 3770 est
851 3705 883 3769 et
904 3702 939 3769 in
960 3708 1081 3771 secreto
1103 3702 1207 3769 cordis
1229 3703 1331 3770 nostri
1351 3706 1486 3771 memori

313 3817 526 3888 benivolentia
558 3817 758 3903 collocatum,
794 3818 878 3905 quod
910 3818 1057 3885 dilectum
1093 3818 1312 3906 cappellemum
1341 3826 1485 3887 nostrum

315 3935 521 4003 Thisbaldum
547 3955 605 4022 pro
627 3939 754 4004 nostrae
777 3936 952 4003 dilectionis
976 3938 1008 4002 ct
1028 3934 1263 4003 intercessionis
1283 3942 1433 4023 respectu
1453 3938 1486 4003 in

315 4051 469 4120 Xantcnsi
491 4052 690 4139 prepositura
711 4051 912 4138 provexistis.
952 4049 1093 4136 Dignum
1115 4052 1201 4119 enim
1222 4056 1254 4120 et
1275 4052 1396 4121 iustum
1419 4075 1485 4123 csse

316 4170 516 4255 arbitramur,
537 4168 575 4255 si,
598 4168 856 4256 predecessorum
875 4171 1052 4235 vestrorum
1074 4187 1111 4234 ac
1132 4172 1323 4253 nostrorum,
1346 4170 1484 4237 unorum

388 4339 409 4373 1.
428 4329 463 4373 ric
478 4343 507 4371 σε
522 4326 619 4375 debcant
634 4336 753 4373 conamen
770 4337 804 4373 ert
819 4331 843 4373 in
858 4328 911 4375 cod.

389 4411 415 4465 1.
432 4410 467 4467 V.
480 4426 540 4465 curn
557 4426 628 4481 quse
646 4413 771 4483 sequitur
788 4412 933 4482 epistolam
951 4414 1014 4469 239.

146 4489 216 4513 ⁴-
