3117 4859
454 292 603 341 ussum
623 290 789 341 warenn
811 292 864 339 reo.
1177 278 1243 347 233

75 433 174 503 tendo
197 454 295 520 qnam
315 432 485 521 prestando
508 434 666 503 adnnente
742 433 862 514 Quibus
882 434 1030 521 peraotis,
1052 436 1158 521 regiae
1171 458 1244 525 pre-
1263 444 1332 501 1146

75 550 197 617 madae
216 549 253 617 in
275 548 374 633 auria,
396 569 476 635 quae
499 552 583 640 apud
597 552 702 621 Ruina
726 552 766 619 18
782 550 852 619 Kal
867 550 945 619 ldaii
965 552 1075 621 habita
1094 560 1153 641 eet,
1175 574 1244 623 sese
1259 570 1313 631 apr.
1327 571 1357 620 14

73 666 199 751 obtulit,
222 668 380 755 opinatus,
401 668 522 753 repam
537 670 727 756 aequitatem
743 686 838 756 posse
854 667 982 754 indeed,
1004 675 1041 737 ut
1053 690 1112 758 per
1124 671 1244 739 uiolen-

72 784 150 851 tiam
174 783 332 853 obtineret
353 783 522 871 abbatiam,
546 806 640 871 quam
662 785 773 853 ordine
789 784 954 853 iuditiario
967 787 1157 874 perdiderat
1189 787 1245 856 Set

73 901 147 986 quin
161 900 265 967 honor
279 900 364 985 regis
381 900 533 969 iudioiunn
547 901 660 987 diligit,
683 922 748 969 non
762 902 868 989 potuit
881 903 976 971 etiam
991 903 1097 971 oblata
1109 905 1245 991 pannio

72 1018 272 1104 distorquere
294 1018 418 1103 virgam
447 1018 628 1099 &eodone
655 1017 758 1087 inoliti
778 1020 970 1105 temtoris,
997 1020 1075 1106 quin
1096 1042 1116 1087 a
1136 1041 1244 1089 mane

70 1132 263 1219 firmaretur,
287 1134 371 1221 quod
394 1155 414 1202 a
433 1134 529 1203 Petro
550 1140 772 1223 prooesseraoa

158 1250 288 1318 Interea
308 1286 351 1299 -
374 1251 451 1318 dum
473 1252 520 1319 sio
540 1252 646 1337 minis,
672 1251 865 1337 muneribus,
886 1251 1114 1339 pollicitatione
1134 1273 1243 1321 mona·

69 1367 206 1435 sterium
229 1372 324 1435 vexat
349 1372 382 1435 et
403 1368 526 1437 invadit
548 1404 589 1415 —
612 1368 802 1437 reverendus
824 1373 916 1456 pater
936 1375 1045 1438 noster
1065 1368 1244 1439 Bernartius

70 1482 356 1552 Patherburnensis
383 1484 564 1573 episeopus,
594 1485 635 1553 ad
658 1484 841 1553 oeooledam
862 1485 1081 1555 Gorbeiensem
1103 1492 1244 1573 votens,

71 1600 209 1668 eundem
223 1599 406 1669 Heinrionnn
429 1602 463 1669 in
485 1602 608 1690 pulpito
630 1602 688 1671 sub
703 1601 842 1689 generali
856 1608 1011 1671 oonvffltu
1024 1604 1245 1690 pronuntiavit

70 1716 262 1786 maturitate
285 1716 457 1804 apodolioa
478 1718 782 1787 excommunicatum
804 1725 838 1787 et
858 1740 967 1787 omnes
988 1720 1126 1789 fautores
1149 1726 1244 1807 atque

70 1833 234 1901 adiutores
255 1832 350 1901 illius.
381 1833 472 1903 Unde
490 1835 586 1905 etiam
599 1835 737 1923 plurima
750 1835 914 1903 hominnm
927 1854 1013 1923 pars,
1035 1837 1244 1907 mendane

70 1950 201 2034 turia,
232 1949 272 2017 ab
298 1951 399 2039 ipsius
420 1951 556 2020 Mona
579 1951 703 2039 dilapsa
724 1958 780 2019 est
826 1951 965 2037 Urgebat
985 1953 1114 2021 interim
1134 1954 1244 2023 multis

69 2066 207 2135 deoretis
229 2067 328 2135 iussio
352 2067 524 2155 apostoliea
545 2067 765 2139 Gorbeiensem
787 2070 986 2154 tunoleum,
1009 2070 1155 2156 quatinus
1176 2092 1243 2141 me·

69 2183 179 2251 diante
197 2182 320 2271 Spiritu
342 2190 449 2253 sanato
471 2184 569 2253 talem
590 2206 758 2273 personam
779 2185 814 2252 in
836 2186 981 2254 abbatffl
998 2186 1159 2272 eligerent
1182 2207 1243 2273 qne

69 2300 180 2369 ruinas
197 2299 395 2369 Corbeiensis
419 2302 586 2370 asaelem
608 2307 674 2369 tum
696 2304 730 2369 in
751 2302 968 2390 spiritualibus
991 2324 1086 2389 quarn
1107 2305 1142 2371 in
1163 2309 1243 2373 tenn-

69 2416 236 2504 poruliluns
258 2418 411 2486 rnaroire
432 2418 546 2486 idonea
567 2424 658 2487 esset
693 2418 749 2487 Set
770 2419 914 2507 partibus
935 2420 970 2486 in
991 2440 1051 2487 sna
1070 2420 1176 2487 studia
1193 2422 1243 2488 ni·

68 2533 169 2601 mium
202 2533 305 2601 adhue
331 2534 540 2620 ferventibus,
568 2535 718 2603 eanonioa
745 2541 778 2603 et
804 2554 934 2603 ooneors
957 2534 1066 2605 eleotio
1087 2534 1157 2604 lieri
1178 2556 1242 2605 nnn

69 2651 177 2738 patuit
199 2670 300 2737 usque
321 2651 362 2718 ad
376 2650 483 2720 Nonas
497 2650 591 2734 Maii3
615 2672 675 2739 quo
699 2651 750 2720 die
769 2672 829 2719 nos
851 2672 976 2719 eramus
991 2653 1076 2739 apud
1090 2651 1241 2738 Sutrium,
1258 2670 1310 2717 tro.
1325 2672 1339 2717 r

70 2768 235 2835 duranni
258 2768 399 2853 Tusone,
421 2768 456 2836 in
478 2768 566 2835 euna
588 2767 695 2836 domni
715 2788 799 2856 pape
818 2768 954 2853 Eugenii
966 2768 1020 2836 ΠΙ.
1051 2770 1132 2837 Tunn
1154 2770 1243 2838 deni-

70 2904 139 2970 qne,
164 2884 223 2950 vix
238 2885 366 2952 tandem
379 2904 476 2951 unum
491 2885 660 2972 sapientes,
684 2885 846 2971 elegerunt
859 2886 964 2953 virum
977 2887 1121 2970 intefflae
1138 2887 1242 2955 famae

70 3006 101 3067 at
121 3000 275 3069 leuduino
296 3001 551 3087 conversationis,
574 3002 757 3070 Heinrionm
772 3002 968 3091 prepositum
990 3002 1130 3071 eiusdem
1151 3023 1242 3071 mon·

70 3118 200 3203 asterii,
233 3119 288 3204 qui
316 3138 336 3185 a
368 3118 481 3185 domno
513 3139 587 3204 rago
615 3119 783 3187 investitus
812 3125 862 3187 est
893 3118 934 3187 δ’
959 3119 1067 3188 Nonas
1093 3120 1239 3205 Augusti.
1256 3134 1341 3192 Ans-³

69 3232 135 3313 Quo
158 3239 305 3321 ternpore
327 3254 385 3303 nos
408 3256 532 3303 emmae
554 3237 589 3303 in
612 3235 792 3304 Stabnlensi
812 3236 1014 3322 monastario,
1037 3238 1091 3302 vix
1113 3243 1242 3325 recepta

69 3370 131 3419 non
163 3351 207 3418 ad
237 3351 365 3439 plenum
398 3351 592 3437 valetudin03
627 3354 775 3439 quoniam
808 3353 896 3421 fabre
928 3352 1071 3421 &mana
1103 3354 1242 3441 quinque

70 3467 298 3536 ebdomadibus
317 3469 417 3555 'apud
443 3468 607 3537 Vitorium
640 3469 887 3538 deoubueramus
919 3474 967 3554 et,
997 3470 1031 3536 ui
1056 3490 1121 3539 non
1149 3476 1241 3539 natu·

70 3583 145 3652 ralis
177 3583 291 3651 caloris
320 3590 391 3652 onte
419 3590 451 3653 et
478 3586 622 3653 omnibus
648 3586 723 3674 pilis
753 3586 893 3671 masis,
920 3586 1027 3655 tauoes
1053 3588 1164 3655 mortis
1186 3589 1241 3655 vix

71 3720 282 3769 nesaramus.

161 3816 253 3885 Sedit
272 3818 381 3905 itaque
398 3818 558 3885 ordinatus
572 3817 775 3906 predecessor
788 3824 896 3887 noster
909 3838 1009 3905 nsque
1023 3821 1044 3886 8
1059 3819 1132 3887 ldus
1148 3819 1240 3886 Oato-
1257 3836 1333 3885 oeae

72 3933 146 4019 tris,
171 3939 204 4002 et
226 3935 310 4002 viam
332 3935 498 4003 moereas
520 3935 623 4003 earnis
644 3935 805 4020 ingressus
827 3941 885 4002 est
961 3934 1080 4002 Orbata
1094 3955 1168 4020 ergo
1181 3936 1241 4003 ite-

71 4070 141 4117 rum
170 4050 368 4120 Gorboiensis
399 4052 551 4120 aeoolesia
578 4072 634 4119 suo
661 4056 789 4139 pastore
815 4072 873 4119 nos
900 4051 1045 4120 absentas
1072 4056 1105 4119 et
1131 4052 1241 4139 procul

72 4169 191 4255 positos
219 4170 362 4237 unanimi
386 4189 517 4258 prorsus
539 4170 716 4236 coniventia
736 4169 770 4234 in
792 4174 916 4255 patrem
938 4174 970 4236 et
991 4173 1150 4256 pastorem
1172 4171 1240 4236 ani-
1256 4182 1347 4233 oceno

73 4304 196 4353 marum
218 4306 346 4353 suarum
367 4286 543 4355 voluntaria
571 4286 733 4374 adoptavit
761 4289 793 4353 et
820 4284 915 4370 elegit
939 4285 973 4353 in
995 4285 1141 4373 capitolio
1163 4285 1239 4356 Cor·

146 4440 167 4475 ι.
186 4429 304 4489 potentat
318 4446 338 4475 o.
399 4428 422 4475 b.
438 4428 469 4476 Vl
484 4438 517 4477 est
533 4432 621 4489 inipso
637 4430 715 4477 codiee
731 4438 852 4477 concaua
867 4430 889 4475 is
905 4426 943 4475 Ill.
