3117 4859
459 294 607 343 umnam
628 294 793 343 urrsrous
815 293 868 341 ιιι.
1175 278 1242 347 249

78 440 150 507 dam
170 438 250 505 iuris
273 437 428 506 rationem
450 436 634 525 pretendere
657 437 790 505 videtur.
825 435 882 505 Set
898 436 1096 505 inbecillitati
1116 444 1242 508 nostrae
1261 443 1331 503 1149
1408 522 1415 535 ἢ

75 575 274 644 nequaquam
295 556 415 623 iustum
436 555 504 621 sire
524 552 701 639 legitimum
724 558 780 621 aut
800 553 944 639 regulere
966 553 1121 640 ereditur,
1143 560 1181 622 ut
1202 556 1243 624 ad

76 672 209 741 tutelam
235 672 358 757 redeat,
387 671 426 739 de
454 692 517 757 qua
542 670 640 739 semel
666 670 728 736 luit
755 670 970 757 emancipatus
993 706 1035 717 —-
1064 672 1242 760 emancipa-

75 791 194 857 tionem
221 809 297 857 vero
325 787 529 873 intelligimus
558 786 680 855 abbatis
708 788 940 874 promotionem
967 824 1009 835 -·
1039 788 1114 874 quia
1139 790 1243 876 eapite

76 906 250 973 diminutus
272 924 335 973 uon
357 911 463 992 potest
482 903 551 973 lieri
573 903 713 989 legitime
736 898 851 971 tutor⁸.
891 903 980 971 Siout
1001 924 1076 989 ergo
1099 905 1119 973 t
1140 906 1243 991 digni·

74 1028 140 1091 tate
163 1021 296 1089 alieuius
318 1021 502 1109 prolationis
525 1021 702 1109 depositus,
730 1020 801 1087 iure
822 1020 892 1105 oogi
913 1040 976 1088 non
997 1026 1117 1109 potest,
1139 1027 1177 1089 ut
1196 1023 1244 1090 ibi

75 1138 186 1207 nolens
208 1139 338 1225 habitet,
361 1139 415 1206 ubi
437 1138 565 1227 prefuit,
588 1138 633 1205 sie
652 1136 743 1205 uobis
758 1135 884 1204 videtur
898 1136 1081 1206 aeoolesiam
1095 1140 1165 1224 cogi
1178 1160 1244 1207 nou

75 1276 179 1343 posse,
201 1260 238 1323 ιι
260 1255 436 1343 dopositum
459 1274 565 1339 suum,
587 1273 651 1321 non
674 1254 807 1321 dieimue
830 1253 904 1338 alat,
931 1254 1035 1322 setin
1056 1276 1132 1323 suae
1153 1256 1242 1325 habi·

74 1373 205 1441 tationis
232 1372 407 1461 penetralia
433 1392 505 1439 eum
532 1371 700 1439 formidine
721 1370 820 1437 futuri
843 1370 984 1439 somdali
1005 1372 1152 1459 resipiat,
1179 1374 1243 1439 nisi

73 1490 154 1557 torte
179 1490 249 1577 quis
278 1510 352 1557 suae
379 1488 583 1576 depositionis
611 1487 805 1557 senteutiam
826 1488 987 1575 pacienter
1007 1488 1092 1557 ierat
1117 1495 1165 1575 et,
1193 1511 1250 1562 rea

74 1628 185 1675 rusus
214 1628 285 1675 oum
312 1606 501 1674 adremariis
528 1606 562 1672 iu
592 1604 805 1689 ooneordiam,
839 1606 874 1671 in
902 1604 1063 1675 electionis
1090 1628 1243 1675 eousemu

75 1724 166 1793 illum
190 1728 330 1811 arroget,
359 1743 452 1810 quem
474 1726 586 1810 postea
612 1726 735 1809 patrem
764 1727 796 1789 ιι
822 1727 959 1789 tutorem
980 1722 1099 1811 absque
1120 1730 1243 1793 ιιιιιιι·

76 1842 224 1909 ιιιιιιοιιι
247 1840 407 1909 obstaculo
426 1840 542 1908 habere
557 1839 670 1907 valeat
705 1837 761 1905 llle
775 1843 881 1907 ιιιιιι
894 1839 1014 1907 ιιιιιιιι
1029 1839 1242 1927 ι1ιιιιιιι1ιιι,

5 2052 6 2055 ¹
76 1978 156 2045 quae
178 1962 253 2046 post
275 1958 502 2045 depositionem
525 1976 615 2025 suam
630 1955 799 2023 oauonieae
816 1956 1023 2023 institutionis
1038 1957 1149 2025 ordine
1161 1958 1243 2042 eele-

5 2076 6 2109 Τ
76 2075 167 2143 brate
189 2080 274 2161 sunt,
296 2092 355 2142 neo
376 2074 521 2141 interluit
541 2092 599 2141 neu
614 2072 780 2159 adquievit,
803 2076 853 2139 set
865 2072 971 2159 potius
989 2074 1190 2160 contradixit,
1213 2081 1246 2143 et

75 2212 176 2280 usque
197 2191 291 2259 hodie
313 2189 449 2259 elamare
477 2208 541 2258 non
563 2196 680 2275 oessat,
709 2208 743 2257 ιι
769 2188 867 2257 fuisse
888 2190 1135 2258 circumventum
1158 2197 1190 2259 ιι
1211 2192 1245 2258 ri

76 2328 274 2398 oppressum,
298 2326 369 2375 oum
385 2312 490 2375 tamen
508 2312 540 2373 et
554 2307 707 2375 confessio
723 2307 791 2373 eius
807 2310 838 2373 et
853 2313 1069 2374 aeousatorum
1084 2306 1244 2375 attestatio

77 2432 108 2493 et
128 2426 236 2514 operis
264 2425 365 2513 ipsius
392 2423 623 2509 inrefragabilis
653 2423 813 2491 evidentia
833 2424 915 2491 iuste
937 2424 1120 2491 damnatum
1141 2424 1244 2491 mani-

78 2544 156 2611 leste
180 2541 356 2610 ostendant
402 2540 554 2609 consulat
574 2540 651 2627 sibi,
677 2541 844 2628 provideat
864 2541 962 2627 quieti
984 2560 1074 2626 suae,
1103 2540 1246 2609 attondat

4 2670 7 2677 '
77 2662 147 2749 paei
171 2661 340 2727 fiammae.
374 2657 446 2725 Nou
468 2662 518 2725 est
539 2658 568 2725 ei
589 2662 704 2742 tutum,
725 2677 791 2724 non
805 2661 855 2723 est
868 2658 899 2724 ei
912 2656 1088 2741 honestum,
1110 2677 1174 2724 nou
1196 2662 1245 2724 eat

79 2779 107 2845 ei
128 2774 307 2865 pacificum,
330 2776 365 2843 in
387 2775 480 2843 domo
501 2794 566 2842 uua
586 2775 669 2842 iuter
691 2794 842 2861 personas
861 2792 940 2858 esse,
964 2794 1044 2859 quae
1059 2779 1170 2859 agente
1183 2774 1245 2842 Dei

4 2908 5 2955 l
78 2894 195 2962 iudieio
217 2914 276 2961 sua
297 2893 494 2961 aeousatioue
522 2911 559 2959 ae
584 2888 804 2958 testificatione
830 2911 901 2957 eum
929 2890 1154 2978 deposuerunt,
1182 2891 1245 2959 nisi

4 3070 5 3101 ι
80 3012 159 3080 lorte
181 3012 216 3078 in
238 3010 343 3077 animo
366 3010 476 3097 ipsius,
503 3008 662 3076 soliditate
683 3007 870 3075 humilitatis
891 3008 1039 3093 fundato,
1067 3008 1245 3077 mundanae

4 3155 5 3215 ι
80 3128 254 3197 altitudinis
276 3127 467 3195 desiderium
488 3126 614 3213 penitus
638 3129 801 3193 exoootum
822 3124 874 3191 sit.

26 3331 30 3341 -
164 3294 180 3327 ‘
201 3296 235 3353 In
255 3298 379 3371 merpr'm
399 3294 528 3371 loquatur
547 3294 631 3352 laec:
651 3292 697 3351 lix
710 3292 786 3352 libro
800 3290 979 3369 digestorum
993 3290 1114 3367 primo¹.
1144 3290 1242 3353 llode·

198 3402 293 3463 atinus
312 3400 388 3461 libro
410 3402 426 3459 1
448 3400 674 3476 pandectarum:
698 3398 787 3459 Inviti
808 3397 863 3458 lilii
882 3400 1031 3459 naturales
1051 3400 1097 3460 vel
1117 3400 1244 3460 emansi-

198 3510 261 3587 pati
280 3524 340 3567 non
360 3506 532 3585 rediguntur
553 3508 583 3567 in
603 3506 729 3583 patriam
750 3510 935 3583 potestatem.

256 3617 332 3677 Item
352 3632 389 3675 ex
409 3615 511 3676 eodem
518 3616 539 3674 ¹.
569 3614 714 3691 Ulpianus
727 3614 804 3674 libro
819 3616 858 3674 14
872 3613 911 3673 ad
925 3612 1079 3674 Sabinum:
1100 3613 1159 3688 Qui
1172 3614 1243 3674 libe-

198 3728 280 3785 ratus
299 3727 346 3785 est
358 3722 455 3799 patria
468 3724 623 3800 potestate,
643 3724 747 3799 postea
766 3722 799 3782 in
811 3724 986 3797 potestatem
999 3720 1123 3783 honeste
1135 3721 1245 3783 reverti

198 3849 257 3893 nou
277 3833 384 3909 potest,
403 3829 462 3891 nisi
482 3829 649 3907 adoptione.

257 3940 332 3999 Item
352 3954 389 3999 ex
408 3936 536 3998 eodem⁸.
568 3938 718 4014 Papiauns
738 3936 814 3998 libro
827 3938 867 3997 36
887 3937 1089 4013 questionum:
1109 3936 1143 3995 1ι
1163 3934 1245 3995 omni

198 4047 271 4123 iure,
292 4044 377 4106 finita
395 4045 489 4120 patris
509 4048 669 4123 potestate,
692 4045 803 4105 nullum
824 4044 975 4119 exprimo
995 4044 1136 4103 retinetur
1155 4040 1243 4101 resti-

197 4154 286 4232 gium.
327 4152 463 4229 Denique
488 4154 519 4212 et
542 4153 640 4229 patria
672 4150 802 4229 dignitas
825 4151 942 4229 quesita
965 4168 1019 4227 per
1045 4149 1244 4229 adoptionem,

197 4260 282 4321 fruita
301 4276 347 4339 ea,
367 4258 532 4335 deponitur.

153 4420 454 4493 1.1>ig.1t.6.1.11.
527 4418 833 4491 amputare.
903 4416 1209 4489 ιιιιιιιιι.
