3117 4859
307 285 374 353 532
642 299 791 353 wmsum
812 299 1000 354 moretm
1020 303 1074 352 uss.
1090 300 1145 351 eoo.

219 450 290 508 1152
306 465 484 533 possumus.
521 443 605 513 Ordo
627 447 812 514 monasterii
829 446 931 514 nostri
945 446 1040 515 hebet
1052 447 1150 513 immo
1166 446 1273 513 omnio
1285 445 1483 513 monaster&

306 563 409 631 nostri
432 562 551 630 ordinis
573 563 654 630 huno
677 563 909 631 observantiam
930 568 1055 647 tenent,
1083 568 1134 649 ut,
1163 563 1192 629 si
1214 562 1342 650 quondo
1364 562 1483 649 aliquis

305 681 442 749 fratrum
468 683 649 747 nostrorum
676 680 773 748 sbbss
802 679 843 746 od
869 679 955 747 uliud
981 679 1207 747 monasterium
1235 679 1405 765 eligendus
1428 684 1484 762 em,

306 799 396 886 prius
419 818 438 865 s
459 796 550 865 nobis
574 797 804 864 ettfrstmbus
826 795 943 863 nostris
965 817 1060 883 quum
1081 795 1122 863 eb
1144 798 1303 864 extraneis
1326 796 1484 882 stipatum

306 935 365 982 neo
387 913 493 1000 aliquo
514 913 605 981 nobis
627 933 764 1001 persone
785 913 869 980 inter
882 915 996 980 irstres
1010 916 1136 980 nostros
1149 912 1184 979 in
1198 912 1345 982 abbatom
1360 915 1410 980 ab
1425 913 1485 979 aiio

305 1031 496 1098 monasterio
519 1029 570 1098 vel
591 1030 612 1097 t
633 1028 773 1115 quolibet
793 1029 957 1096 hominum
984 1049 1025 1097 en
1050 1029 1177 1097 nomine
1204 1030 1412 1115 designetur,
1440 1035 1491 1104 set

306 1148 480 1237 assumptio
502 1147 610 1214 fratris
632 1147 734 1214 nostri
756 1145 923 1214 cuiuslibet
935 1147 978 1213 in
1000 1152 1107 1214 nostro
1136 1147 1266 1214 arbitrio
1288 1152 1321 1214 et
1341 1146 1487 1214 mm

306 1285 435 1332 suorum
470 1265 619 1333 eloctione
652 1263 881 1350 relinquntur·;
914 1263 1082 1350 presertim
1115 1283 1187 1330 oum
1218 1263 1325 1332 vultus
1351 1264 1486 1351 peeoris

306 1383 408 1450 nostri
428 1380 542 1450 melius
558 1380 682 1448 tnobis
705 1384 738 1448 et
760 1401 780 1447 s
801 1386 902 1448 semet
922 1380 1002 1468 ipsis
1024 1401 1119 1466 quom
1136 1380 1177 1448 ub
1199 1381 1355 1448 extensis
1383 1401 1486 1466 ugno-

306 1504 428 1584 sostur‚
455 1503 487 1566 et
508 1498 579 1565 ideo
602 1497 838 1566 eonvenientius
861 1497 880 1564 t
900 1497 992 1564 nobis
1015 1501 1047 1563 et
1068 1515 1089 1563 s
1110 1497 1176 1563 suis
1198 1497 1400 1582 domestenis,
1431 1496 1484 1583 qui

306 1617 420 1702 dignus
443 1621 501 1700 ost,
525 1613 668 1700 eligetur.
703 1614 764 1682 Hio
786 1614 864 1681 ordo
886 1619 920 1681 et
935 1612 1030 1680 huso*
1045 1613 1244 1681 observantie
1257 1614 1483 1701 promotionis,

306 1733 381 1820 quio
403 1753 527 1820 semper
549 1732 583 1798 in
605 1731 796 1798 monasterio
819 1735 927 1799 nostro
950 1750 1023 1797 eum
1048 1750 1164 1814 mogus
1185 1729 1348 1814 Quintis
1370 1735 1410 1797 et
1433 1751 1485 1796 rs·

304 1850 391 1917 tione
406 1849 589 1918 observatus
605 1850 675 1935 fuit,
691 1853 799 1916 nostro
810 1853 953 1935 tempore
964 1867 1162 1935 nequequam
1171 1846 1334 1913 immutari
1346 1848 1482 1934 poterit

307 2081 397 2153 400.
416 2081 574 2149 Wiboldos
591 2083 730 2149 Amoldo
748 2081 792 2147 II
810 2081 1039 2169 archiepiscopo
1064 2081 1245 2162 Golooimsi,
1267 2082 1402 2146 victoria
1420 2103 1483 2168 po-

417 2201 487 2276 tito,
508 2200 692 2286 omaso.
729 2197 858 2279 smus,
888 2197 1019 2264 Miodae
1040 2198 1118 2285 quid
1138 2198 1234 2284 operit
1253 2197 1304 2261 dis
1325 2193 1370 2260 25
1393 2194 1482 2260 Iuli

417 2316 566 2383 Heinsieo
591 2316 733 2403 episeopo
757 2314 916 2380 medensi
929 2313 1028 2401 favet.
1313 2307 1369 2391 (Μ.
1386 2310 1481 2391 365.)

183 2464 254 2521 1152
395 2447 578 2517 Reverendo
600 2449 634 2515 in
650 2447 775 2515 Christo
790 2446 876 2533 patri
897 2465 954 2512 suo
977 2450 1009 2512 et
1023 2445 1150 2512 domino
1164 2443 1331 2527 A(moldo)
1348 2449 1480 2511 sunctae

144 2539 289 2664 poffiffp
307 2566 503 2664 Goioniensis
526 2565 695 2632 oeoolosiee
717 2562 889 2631 venerabili
912 2562 1146 2649 archiepiscopo
1166 2561 1265 2628 freter
1286 2558 1479 2642 Wtibsldusl

306 2685 367 2754 Dei
389 2683 493 2769 gretia
514 2682 558 2766 id,
582 2681 666 2768 quod
688 2684 737 2749 est
757 2679 792 2746 in
816 2677 966 2747 seoolesis
980 2677 1143 2762 catholieo,
1166 2678 1295 2764 exiguus
1317 2678 1481 2745 oenone

307 2807 340 2870 et
362 2801 510 2869 devotum
533 2799 706 2902 servitium.

396 2917 523 2986 Lsetsti
544 2935 652 2983 snmus
675 2914 709 2979 in
731 2913 792 2997 his,
815 2931 896 2999 quse
918 2911 1003 2978 dioto
1024 2916 1097 2978 sunt
1118 2910 1220 2995 nobis,
1242 2916 1276 2978 et
1296 2911 1330 2977 in
1347 2911 1479 2978 domum

306 3035 436 3101 Domini
458 3034 592 3100 letantes
616 3037 648 3100 et
670 3030 789 3115 gratias
812 3034 939 3113 agentes
961 3024 1092 3094 ivimus¹
1105 3047 1164 3114 pro
1184 3048 1232 3113 eo,
1255 3027 1340 3113 quod
1361 3027 1479 3112 glorio

307 3170 379 3216 sum
402 3150 440 3216 de
459 3149 603 3236 tyrannis
623 3152 655 3214 et
668 3145 844 3213 latronibus
858 3144 1053 3232 triumphum
1068 3143 1267 3231 reportastis3
1290 3144 1346 3230 qui
1359 3145 1478 3230 ubique

307 3260 448 3330 loeorum
470 3265 516 3330 ita
539 3265 676 3351 peoostis
698 3261 884 3330 iacientibus
902 3281 986 3328 nuno
1001 3266 1216 3345 excreverunt,
1238 3264 1275 3326 ut
1295 3259 1386 3327 nulle
1407 3281 1478 3328 see·

307 3378 423 3463 elesius,¹
447 3379 552 3446 nuilus
582 3380 709 3446 omnino
737 3379 824 3445 loeus
852 3397 940 3447 ssoer
968 3382 1023 3443 out
1043 3375 1143 3444 ieious
1165 3377 1206 3444 sb
1226 3375 1354 3444 illorum
1375 3379 1479 3465 possit

306 3494 509 3562 infestatione
532 3495 666 3564 defendi.
701 3495 802 3574 Quom
816 3493 942 3581 quidem
957 3493 1122 3560 victorium
1142 3498 1268 3561 vestroe
1288 3493 1479 3562 beatitudini

308 3609 416 3678 divina
437 3613 580 3698 potentia
601 3613 635 3679 in
656 3612 774 3679 multos
798 3632 896 3679 ennos
919 3610 1076 3679 consedet

310 3720 314 3728 '
396 3726 528 3795 Vestrae
544 3734 649 3795 sutem
664 3727 845 3796 celsitudini
859 3733 969 3795 notum
983 3726 1217 3813 essevolumus,
1232 3727 1317 3813 quod
1326 3727 1362 3794 in
1372 3731 1479 3794 uuus

204 3864 246 3912 sut.
260 3863 290 3913 ss
308 3847 377 3912 uoto
400 3844 545 3931 proxime
567 3844 652 3912 besti
672 3845 778 3912 Ieoobi
793 3843 928 3932 apostoli
942 3845 1022 3911 festo
1036 3842 1176 3910 undam
1191 3849 1305 3928 rogstu
1319 3839 1478 3931 episeopi¹

307 3965 340 4029 et
361 3962 517 4047 peticione
532 3959 608 4027 oleri
623 3960 884 4029 descenderemus
899 3960 939 4026 sd
955 3960 1181 4047 oompoosndus
1199 3964 1232 4027 et
1244 3960 1477 4046 componendas

307 4077 518 4144 dissensiones
541 4076 703 4161 quasdem,
727 4077 839 4162 quibus
854 4077 995 4165 episcopi
1016 4081 1048 4142 et
1069 4076 1145 4143 oleri
1165 4077 1271 4143 fuerat
1290 4077 1476 4164 perturbata

309 4194 484 4261 oonoordis.
518 4192 562 4259 Et
584 4191 643 4260 hee
666 4192 794 4279 quidem
816 4213 930 4261 osusee
944 4198 1114 4264 nonerunt
1127 4192 1306 4261 criminales
1326 4198 1382 4260 sut
1401 4211 1475 4280 por·

379 4351 400 4384 s.
421 4337 560 4396 relinquetur
576 4353 595 4384 e.
656 4335 680 4382 b.
701 4335 739 4382 hio
754 4337 806 4382 eod.

379 4423 405 4477 1.
423 4420 464 4480 ef.
477 4423 522 4478 Ps.
536 4423 596 4492 121,
611 4423 635 4477 1.
705 4423 732 4478 2.
750 4421 882 4480 Heinrioi.
