3117 4859
393 290 542 339 wmarmr
564 289 750 341 mremuan
771 288 826 337 see
842 288 896 337 res.
1162 271 1228 340 367

53 430 277 517 memus,
306 432 471 519 preuu'msis
498 432 655 519 equitibus
683 431 945 520 expeditissimis,
974 430 1029 517 qui
1050 431 1118 499 sius
1138 437 1230 516 tergo
1257 436 1327 493 noo

52 548 259 617 imminentes
278 548 388 634 trgum
408 549 510 637 ipsius
531 550 740 634 retardarent,
762 569 821 617 nos
843 548 965 617 duabus
980 548 1133 617 consertis
1146 549 1229 615 acie-
1244 510 1336 559 m

53 664 114 733 bm
137 665 272 733 eundem
293 666 568 753 persequebamur.
614 665 695 733 Cum
715 666 824 751 ireque
845 665 980 749 aminis
1002 669 1145 733 wenna
1164 665 1229 733 iun

53 780 249 865 cederemus,
271 781 385 849 ladem
407 788 589 851 convertere
608 788 734 851 coactus
750 787 814 863 est;
837 786 895 866 set,
912 802 985 850 vero
1001 780 1069 849 Deo
1091 780 1132 849 de
1153 780 1230 847 celis

52 902 219 984 pugnante
238 918 297 985 pro
313 898 416 984 nobis,
438 904 561 967 tautam
576 899 682 987 adepti
701 898 820 967 luimus
834 898 1012 982 victoriam,
1033 901 1080 981 ut,
1094 897 1158 965 uisi
1171 916 1230 984 per

51 1018 226 1083 nocturnas
243 1014 391 1083 tenebras
404 1014 630 1099 delituissent·‚
652 1015 758 1083 nullus
772 1016 901 1083 onmiao
916 1014 1051 1083 eradere
1062 1014 1227 1100 potuisset

52 1128 150 1217 Capti
178 1135 253 1199 suut
279 1131 400 1217 equites
429 1131 577 1216 trecenti,
605 1137 638 1199 et
665 1150 816 1219 equorum
843 1150 907 1199 nen
933 1108 1052 1218 pervus
1078 1150 1229 1199 numrus

52 1248 216 1315 extinctus
248 1252 310 1333 est,
345 1248 464 1335 putim
499 1248 616 1317 lenosis
650 1248 813 1317 confossus
841 1248 960 1334 parlim
985 1246 1101 1331 gladiis
1127 1266 1227 1315 cesus.

51 1360 150 1431 Pater
172 1384 262 1431 meus
283 1364 462 1449 generalem
476 1384 561 1433 nune
575 1363 808 1453 expeditionem
822 1382 919 1451 super
932 1364 1067 1433 eundem
1081 1362 1229 1451 Welplro-
1245 1372 1300 1433 Διπ-

51 1498 130 1547 nem
151 1479 269 1547 indixit
290 1485 323 1549 et
337 1500 411 1549 eum
424 1482 552 1570 penitus
572 1480 783 1549 exterminare
804 1480 996 1566 aggreditur,
1018 1487 1055 1549 ut
1071 1481 1112 1547 de
1125 1486 1228 1549 cetero

52 1594 96 1663 ad
117 1615 321 1665 communem
340 1598 468 1686 imperii
489 1599 587 1667 uestri
609 1597 734 1667 hostem
745 1596 997 1685 persequendum
1014 1603 1049 1665 et
1061 1596 1229 1665 delendum

50 1712 241 1800 expeditusl
264 1720 298 1782 et
318 1712 399 1783 liber
421 1714 547 1783 existet

51 1924 147 1997 245.
169 1927 334 1995 Heirur'ouer
354 1930 570 1997 Romame-am
591 1953 648 1995 reor
669 1928 809 1995 Eirmos
825 1928 1017 2001 Graecorum
1037 1930 1230 2017 medetei

169 2044 208 2109 de
229 2043 396 2133 Welplsone
418 2047 485 2111 eer'e
506 2056 652 2135 sospem
675 2046 788 2111 cedde.
1066 2041 1228 2126 (lt190.)

144 2176 321 2247 Karissirue
342 2178 439 2245 matri
461 2197 498 2247 ac
519 2183 709 2247 materterae
731 2198 808 2245 suae
824 2176 986 2260 Elirense)
1008 2196 1066 2264 per
1088 2176 1229 2245 divinum
1248 2181 1318 2237 11⁶⁰

49 2294 291 2383 providentium
304 2292 519 2381 placidissime
534 2292 706 2363 Greeerum
720 2293 916 2381 imperetrici
926 2292 1131 2379 Hleinrieus)‚
1145 2292 1229 2359 filius
1253 2257 1309 2315 ψ’

49 2410 186 2497 gloriosi
208 2430 245 2479 ue
260 2410 456 2479 serenissimi
469 2410 631 2495 Olouredi)
646 2410 859 2477 Romanorum
877 2410 1078 2496 imperatoris
1093 2409 1228 2493 augusti

50 2534 85 2597 et
109 2528 181 2616 ipse
204 2526 264 2595 Dei
286 2527 390 2611 gratis
404 2526 619 2595 Romanorum
640 2547 708 2611 rex,
731 2525 838 2593 filialis
861 2525 1037 2593 dilectionis
1059 2524 1228 2593 indissolu-

49 2643 152 2713 bilem
174 2642 320 2729 gretiam

144 2757 275 2827 Oertum
297 2764 347 2827 est
368 2764 401 2827 et
421 2758 527 2827 nullus
549 2758 753 2847 prudentium
770 2757 936 2841 dubitarit,
960 2756 1044 2843 quod
1058 2756 1125 2841 illa
1147 2776 1239 2842 quee-
1359 2757 1362 2767 '

49 2896 71 2947 a
92 2880 212 2943 natura
225 2881 330 2945 ortum
345 2881 378 2945 et
391 2896 574 2963 processum
587 2875 716 2960 habent,
737 2874 871 2962 pereuni
884 2873 1068 2963 fertitudine
1088 2869 1229 2939 firmiora

49 2997 130 3061 eunt
153 3012 248 3079 quam
270 3012 318 3079 ea,
341 3013 402 3081 que
423 2992 560 3061 humano
583 2996 756 3079 conparata
778 2994 812 3058 et
833 3010 975 3059 connexu
995 2994 1071 3057 suut
1084 2987 1226 3057 artifieio

49 3109 136 3189 Quia
158 3109 256 3194 igitur
278 3109 450 3179 secundum
472 3108 755 3195 consanguinitatis
777 3113 810 3175 et
828 3106 1076 3195 propinquitatis
1092 3110 1228 3173 amatre

47 3246 126 3293 mea
148 3225 269 3293 cernuli
290 3226 424 3313 gratim
445 3225 632 3295 naturaliter
654 3225 785 3310 tenetis,
813 3222 982 3291 nullanus
1004 3224 1174 3291 dissociare
1196 3226 1229 3291 et

49 3341 195 3409 alienare
216 3346 322 3428 potest
343 3343 532 3429 necessitas,
560 3342 637 3429 quiu
657 3342 692 3409 in
713 3347 904 3430 perpetuum
924 3360 1076 3407 mansura
1096 3340 1228 3407 ceritas

48 3459 224 3543 iungmnur
246 3464 279 3527 et
299 3458 521 3528 benivolentia
567 3458 736 3545 Quocirca,
765 3459 840 3545 quia
862 3458 901 3525 de
926 3457 1007 3525 meis
1027 3456 1227 3545 provectibus

49 3594 111 3643 ros
133 3573 307 3663 plurimum
336 3574 479 3645 exultare
507 3582 540 3643 et
561 3573 692 3661 gloriari
714 3575 796 3659 seio,
826 3594 942 3661 equum
965 3594 1034 3641 esse
1057 3572 1227 3641 arbitratus

49 3711 137 3775 sum,
159 3696 284 3759 vestae
306 3690 486 3759 celsitudini
507 3690 679 3776 nedictus,
704 3712 764 3777 que
786 3691 872 3759 circo
892 3711 962 3776 nes,
986 3689 1047 3758 Dei
1066 3694 1228 3778 prestante

49 3806 232 3893 elementia,
255 3828 408 3897 prospere
430 3813 591 3894 geruntur.
628 3808 791 3893 Siquidem
818 3812 930 3875 octava
955 3807 1006 3873 die
1028 3806 1146 3874 mensis
1168 3804 1227 3871 Fe·
1244 3824 1333 3872 roeo

50 3922 178 3992 bruarii
199 3916 353 4011 superbus
375 3924 429 3991 ille
452 3930 484 3992 et
505 3924 645 4012 perfidus
659 3922 803 4013 Welpho‚
826 3929 875 3991 tot
890 3920 1113 3991 beneficiorum
1127 3921 1227 4010 patris

50 4040 116 4109 mei
140 4040 317 4125 immemor,
344 4039 501 4108 hostiliter
523 4040 641 4109 inuasit
662 4046 782 4108 terrum
802 4046 961 4125 nostram,
988 4043 1079 4127 putre
1100 4058 1170 4105 mee
1193 4037 1227 4103 iu

50 4156 148 4227 rebus
171 4156 307 4245 publicis
329 4156 422 4241 longe
445 4162 574 4243 agente,
601 4177 652 4225 me
681 4161 788 4225 sutem
815 4176 888 4225 curn
915 4160 1008 4243 parte
1035 4154 1172 4221 miliciae
1192 4153 1227 4221 in

53 4274 192 4360 quodam
221 4278 324 4340 cestro
351 4278 458 4340 nostro
482 4274 600 4341 relicto.
648 4274 809 4357 Castrum,
839 4273 880 4340 ad
902 4270 987 4358 quod
1007 4269 1062 4338 ille
1085 4271 1226 4357 accessit,

125 4430 147 4465 s.
167 4415 343 4465 didmirseute.
406 4416 429 4463 b.
449 4414 676 4478 emdltrsswdt
697 4414 944 4477 cruentato&
