3117 4859
419 292 568 343 uranum
589 294 776 344 misnense
798 294 907 343 oc-es.
1186 274 1249 343 141

81 436 204 503 rodone
226 454 367 504 ememus
389 442 422 504 et
435 438 520 505 inter
533 442 802 505 remurmurantes
815 436 903 503 nullo
917 436 1011 503 modo
1025 437 1248 504 inveniremur.
1278 438 1347 495 11⁴⁷

83 551 277 621 stabulensis
300 553 465 639 aecclesia,
495 555 583 621 culus
605 574 661 621 ros
686 555 782 622 abbas
805 554 897 637 eolis,
924 555 975 620 sui
998 553 1120 621 abbatis
1142 558 1251 641 patro-
1269 514 1357 561 m

81 670 169 755 duic,
191 668 253 737 hoo
268 676 317 737 est
329 676 445 755 vestro,
467 690 664 758 summopere
678 670 816 754 indiget3
840 671 901 756 cui,
917 672 999 738 deut
1011 676 1135 757 patrem
1149 670 1249 753 decet

81 792 226 873 prompte
261 791 293 853 et
323 787 494 855 clementer
521 788 722 855 subvenietis.
770 786 867 853 Gaius
896 786 1124 873 querimoniam
1150 787 1252 853 frater

80 909 184 971 noster
208 940 252 951 -
275 917 378 971 noster
399 905 528 991 inquam
550 925 614 971 non
637 926 676 973 ex
699 904 925 972 consuetudine
952 902 1120 971 locutionis
1140 922 1250 971 mona·

79 1019 224 1104 eborum,
253 1025 303 1087 set
330 1025 435 1088 vester
462 1024 494 1089 et
520 1028 628 1089 noster
653 1022 803 1110 proprius
830 1025 862 1089 et
889 1018 1036 1108 specialis
1059 1056 1102 1069 -
1124 1025 1251 1088 vestram

79 1136 259 1204 celsitudini
280 1136 405 1224 plenius
428 1137 597 1205 intimabit

81 1429 139 1501 64.
164 1432 326 1499 Ws'baldac
346 1434 481 1501 losduno
495 1436 674 1525 presbytero
695 1434 850 1501 cardinale·
869 1434 908 1499 de
921 1434 1013 1498 rebus
1027 1432 1140 1497 &desa
1154 1432 1249 1517 aipei-

158 1548 252 1640 fica.
1110 1544 1250 1627 (mne)

166 1681 350 1749 Reverendo
373 1682 459 1769 paui
480 1702 537 1749 suo
567 1687 600 1749 et
626 1681 752 1749 domino
781 1680 913 1748 Iordane
942 1684 1070 1747 sanctae
1091 1678 1251 1747 &manae
1277 1694 1346 1749 1147

78 1797 230 1865 ecclesiae
259 1798 410 1865 cardinali
438 1794 631 1885 presbitero¹
652 1798 751 1865 nater
765 1796 928 1867 Wibuldus
951 1797 1012 1865 Dei
1032 1799 1136 1881 gratia
1148 1796 1250 1864 modi·
1267 1782 1287 1815 ⁰'
1299 1768 1356 1815 ⁰⁰⁰·

77 1932 148 1981 cum
170 1914 206 1980 id
232 1914 315 2001 qaod
337 1920 395 1999 est,
418 1935 452 1981 se
474 1916 590 2001 ipsum

164 2028 330 2115 Fecimus,
358 2032 442 2116 quod
469 2031 632 2097 iussistis·.
678 2028 727 2097 De
755 2031 886 2098 servitio
913 2030 998 2097 enim
1018 2029 1249 2117 procurationis

77 2144 186 2213 domni
209 2167 323 2233 papae,
346 2146 430 2233 quod
451 2148 486 2215 in
501 2145 669 2214 Leodiensi
692 2147 878 2235 episcopatu
899 2146 1079 2213 ordinatum
1101 2151 1160 2231 est,
1186 2167 1250 2213 aon

77 2261 180 2330 solum
204 2263 333 2330 solliciti
355 2269 404 2331 set
427 2264 523 2331 etiam
546 2264 678 2331 studiosi
700 2264 833 2347 luimus,
863 2263 991 2350 utplus
1014 2283 1110 2350 quam
1131 2264 1249 2351 portio·

76 2378 179 2465 neml,
211 2401 292 2467 quae
320 2380 505 2448 Stabulense
536 2380 761 2447 monasterium
790 2381 987 2465 mnungow
1016 2380 1163 2447 estimata
1191 2384 1250 2464 est,

76 2496 173 2583 primi
204 2496 440 2582 exhiberemus,
475 2517 533 2565 nce
561 2497 826 2565 murmurantium
852 2516 1020 2563 numerum
1045 2494 1128 2561 ullo‘
1155 2495 1248 2563 modo

77 2632 276 2697 augeremus.
367 2613 524 2681 Dilectum
552 2614 658 2701 itaque
684 2612 773 2680 nobis
796 2612 1020 2699 paternitatem
1040 2617 1180 2680 vestram
1201 2616 1249 2677 at-

75 2735 161 2797 tente
184 2729 343 2797 monendo
358 2750 516 2817 rogamus,
538 2735 575 2797 ut
589 2729 787 2797 devotionem
800 2734 942 2795 nostram
955 2729 1090 2813 benigno
1105 2747 1250 2795 sermone

77 2845 304 2913 commendetis
320 2853 352 2913 et
366 2846 527 2932 querelam
542 2845 737 2913 stabulensis
752 2833 946 2930 monasterii,
969 2866 1049 2931 quae
1064 2866 1122 2933 per
1135 2846 1251 2911 fratres

76 2968 202 3029 nostros
226 2968 350 3030 vestrae
371 2964 484 3050 pietati
504 2964 767 3049 manifestabitur,
794 2964 829 3031 in
850 2964 956 3031 sinum
977 2962 1167 3051 apostolicae
1189 2961 1249 3029 mi·

76 3079 268 3146 sericordiae
290 3077 425 3147 fideliter
447 3077 635 3147 recondatis.

560 3248 771 3260 -——.—n

79 3380 139 3449 65.
163 3380 326 3447 Wa‘duldue
348 3380 481 3448 Ioluom'
503 3384 658 3449 cardinali
678 3407 710 3449 ae
731 3396 864 3464 comat,
889 3385 974 3472 qaod
992 3408 1054 3448 arou
1070 3386 1163 3471 price
1180 3407 1248 3449 eam

166 3498 291 3579 adies-it,
318 3520 446 3587 eampse
463 3504 686 3586 protectionem
707 3511 807 3587 ropac.
1109 3497 1163 3581 (M.
1179 3498 1247 3581 50.)

164 3630 350 3697 Reverendo
372 3631 457 3717 patri
480 3653 536 3698 suo
566 3635 597 3699 et
619 3631 745 3698 domino
769 3632 917 3698 Iohanni·
941 3636 1068 3699 sanctae
1088 3631 1248 3698 Romanae
1277 3646 1346 3699 1147

77 3746 229 3814 ccclesiae
245 3746 398 3813 cardinali
412 3744 605 3834 presbitem’
620 3748 719 3815 nator
730 3746 916 3832 Wlibeldus)
927 3748 988 3816 Dei
999 3749 1103 3833 gratia
1116 3749 1150 3815 id
1166 3748 1249 3834 quod
1266 3732 1286 3765 ο·
1298 3717 1354 3764 Μ’

76 3868 134 3949 est,
159 3884 195 3929 sc
218 3863 324 3949 ipsum
347 3869 379 3931 et
400 3884 466 3931 sue.

166 3978 299 4047 Habetis
321 4000 411 4047 reum
434 3978 643 4065 confitentem,
668 3981 740 4048 date
756 4002 852 4067 queso
867 3982 1002 4066 veniam,
1026 4002 1089 4047 non
1104 3980 1250 4067 equidem

77 4096 204 4183 erroris,
227 4116 292 4163 nun
314 4096 533 4181 negligentiae,
557 4116 636 4181 quae
656 4103 780 4165 remota
799 4102 873 4166 sunt
889 4098 1135 4185 asapiencia-
1153 4118 1249 4183 quam
1286 4168 1290 4175 ,

148 4252 169 4285 ι
190 4238 279 4286 lusistis
300 4257 320 4286 e.
381 4236 404 4286 b.
425 4240 501 4299 portio
520 4258 540 4287 c.
606 4254 626 4287 c.
645 4238 739 4298 contina}
758 4260 779 4289 c.
846 4242 869 4289 d.
889 4241 952 4288 uallo
973 4259 993 4288 c.
1060 4256 1080 4287 e.
1100 4240 1135 4287 151
1154 4240 1249 4287 midde

78 4332 158 4366 nam
171 4320 288 4379 posterior.

150 4407 175 4461 1.
192 4406 237 4461 tit
249 4404 279 4462 S.
292 4404 443 4462 Summae.
513 4406 541 4462 2.
558 4406 642 4463 lmmo
660 4406 778 4465 diaeom
796 4406 825 4464 S.
837 4407 939 4463 Mariae
955 4420 1052 4463 amaa
