3117 4859
446 286 596 337 viriumr
617 286 785 339 samsona
806 284 861 335 aas.
1172 268 1239 339 869

67 432 175 519 ru'qua
190 431 463 499 moissimurum
479 448 517 498 ac
539 429 857 519 sapientissimorum,
878 426 1026 495 instituta
1042 434 1075 497 at
1087 429 1160 497 iura
1173 450 1239 497 sar·
1257 432 1328 491 ilco

66 554 187 634 vanus,
210 548 282 615 illas
304 566 454 635 personas
477 544 609 632 diligere
632 565 670 614 ac
691 542 863 613 sublimare
883 564 1040 630 curemus,
1062 564 1126 632 que
1146 564 1167 613 a
1185 566 1240 615 va·

65 670 150 733 strae
172 664 351 732 saumatis
372 662 590 731 misericordia
610 662 644 729 in
667 666 886 730 sacrosanctae
906 663 1019 729 mauis
1034 668 1163 731 nocuae
1175 660 1240 730 Ro-

64 800 178 849 manaa
205 780 354 849 acclesiae
376 781 496 865 gremio
518 778 684 864 benignius
706 778 926 863 confoventur,
954 779 1038 846 sicut
1058 783 1165 847 vestra
1185 779 1240 847 be·

63 898 203 981 signitas
226 917 291 982 eos,
315 916 393 983 quos
415 902 525 963 nostra
546 896 714 963 clementia
734 895 934 983 propensiori
952 896 1093 963 bonitate
1108 895 1240 963 evehere

63 1014 224 1099 dignatur,
245 1014 401 1079 honorare
424 1019 457 1079 et
478 1010 670 1100 amplificare
693 1010 829 1079 sollicita
851 1016 909 1079 est
942 1010 986 1080 Et
1007 1012 1156 1099 quonium
1174 1029 1239 1080 non

61 1130 229 1197 inchoasse
251 1133 300 1197 set
321 1128 490 1216 perfecisse
504 1129 631 1196 virtutis
654 1132 712 1213 cst,
736 1126 954 1197 excellentiam
968 1134 1106 1196 vostram
1126 1129 1239 1196 intime

61 1247 204 1331 rogando
233 1266 414 1331 monemus,
443 1246 591 1332 quatinus
620 1245 730 1313 eadem
757 1245 923 1314 benedicta
944 1250 977 1313 et
997 1246 1088 1331 larga
1109 1244 1240 1314 dextera

61 1366 186 1447 vestra,
214 1384 275 1449 quo
296 1363 331 1429 in
353 1360 497 1451 predicta
517 1381 654 1449 persona
675 1362 797 1447 gratiae
819 1367 852 1431 et
872 1362 1001 1429 bonoria
1022 1362 1106 1429 bona
1125 1362 1238 1433 funda·

59 1486 171 1547 menta
187 1478 271 1563 iecit,
289 1476 436 1547 edificare
450 1476 490 1545 ad
504 1478 680 1565 perlectum
696 1498 761 1545 non
776 1479 908 1561 abnuat3
931 1477 1088 1563 videlicet,
1104 1476 1133 1545 si
1147 1476 1239 1545 Golo-

59 1591 199 1663 niensis¹
228 1594 477 1663 misericordiam
498 1600 637 1661 vestram
664 1595 836 1663 obtinuerit
857 1600 890 1662 et
912 1590 1008 1661 officii
1029 1594 1080 1661 sui
1100 1594 1237 1682 plenitu-

59 1712 171 1780 dinem
192 1712 437 1799 roouperaverit,
459 1730 522 1779 non
544 1716 657 1778 noceat
678 1712 850 1798 preposito,
874 1708 958 1797 quod
979 1715 1122 1779 svestra
1142 1731 1239 1779 manu

59 1834 215 1915 tauquam
238 1828 365 1895 abacti
386 1826 473 1895 Petri
495 1846 592 1895 manu
613 1828 780 1895 investitus
803 1832 836 1894 et
857 1832 1020 1914 promotus
1044 1833 1102 1895 est.

150 1942 301 2013 Ceterum
322 1944 398 2031 quia
410 1948 518 2012 ve'stra
538 1942 696 2029 discretio,
719 1945 802 2011 sicut
820 1942 911 2011 nobis
926 1944 1109 2033 scripsistis,
1133 1963 1237 2012 sacro·

58 2083 130 2129 rum
155 2079 312 2129 canonum
341 2063 373 2127 et
395 2062 522 2128 sanctae
543 2058 703 2128 Romanae
732 2058 901 2129 aecclesiae
927 2060 1141 2128 sanctionibus
1164 2081 1238 2129 con·

58 2180 159 2245 traire
174 2196 240 2245 non
253 2182 360 2265 potest
372 2196 432 2244 noc
446 2175 548 2261 debet,
570 2196 629 2243 nos
650 2174 821 2245 dotalibus
836 2177 1012 2246 statuendis
1028 2182 1060 2245 et
1073 2174 1237 2245 firmandis

59 2300 201 2363 vestram
216 2293 362 2362 nolumus
378 2290 547 2360 sollicitare
561 2291 772 2381 prudentiam.
808 2292 865 2363 Set
878 2300 995 2379 tamen,
1019 2294 1103 2380 quod
1117 2294 1237 2361 firmari

57 2432 122 2479 non
146 2410 257 2495 debet,
285 2408 414 2477 tolerari
436 2412 557 2496 potcst3
586 2413 623 2477 ut
650 2408 689 2478 de
718 2409 961 2499 dispensationis
988 2414 1237 2499 temperamento

57 2529 182 2595 ductus
193 2524 421 2614 multiplicetur
432 2524 467 2592 in
476 2526 776 2614 recompensationis
790 2526 994 2594 incremento.
1014 2522 1083 2593 Hoc
1091 2532 1236 2613 propter·

59 2664 97 2712 ea
106 2644 256 2729 dicimus,
272 2640 356 2729 qued
369 2644 577 2727 incongruum
592 2662 660 2709 esse
675 2640 843 2727 credimus,
854 2645 891 2709 ut
906 2640 1021 2728 aliquis
1037 2642 1072 2709 in
1086 2640 1238 2711 aecclesia

57 2760 119 2829 Dei
142 2760 230 2829 circa
251 2758 333 2826 hanc
353 2778 538 2847 personam,
562 2777 656 2843 quam
679 2778 734 2825 vos
757 2758 962 2844 sublimastis,
984 2758 1121 2845 rigorem
1143 2778 1238 2826 cano-

57 2898 136 2945 num
162 2874 253 2963 quasi
276 2875 409 2961 vestigia
430 2878 537 2943 vestra
558 2872 715 2960 sequendo
737 2877 855 2960 teneat,
880 2875 916 2942 in
938 2873 1009 2942 aliis
1030 2894 1106 2944 vero
1128 2896 1236 2963 perso-

55 2994 118 3081 nis,
144 3012 224 3079 quaa
238 3012 295 3060 vos
316 2988 481 3077 ignoratis,
503 3010 562 3079 pro
585 2988 716 3057 arbitrio
737 3011 793 3058 suo
808 2990 959 3058 remittat
992 2990 1026 3059 Si
1041 3011 1115 3077 ergo
1131 2992 1238 3078 aliqua

57 3108 215 3178 aecclesia
234 3108 307 3196 pari
320 3112 395 3175 voto
418 3112 450 3176 et
471 3107 614 3174 unanimi
630 3126 760 3175 assensu
777 3107 911 3175 eundem
925 3106 1040 3193 virum,
1063 3112 1100 3175 ut
1115 3108 1237 3177 auferat

56 3224 266 3315 obprobrium
283 3224 362 3309 eius,
378 3222 614 3312 apprehendere
627 3222 773 3309 voluerit,
788 3229 877 3291 tanto
892 3221 1019 3292 debebit
1033 3223 1117 3292 circa
1130 3225 1236 3313 ipsum

55 3342 166 3429 gratia
193 3340 406 3429 dispensantis
435 3358 502 3408 esso
529 3340 725 3426 inclinatior,
754 3344 872 3427 quanto
894 3342 1014 3408 cercius
1037 3343 1237 3426 cognoscitur

56 3466 186 3528 vestrae
205 3458 366 3525 sanctitati
380 3477 439 3544 pro
454 3462 580 3525 nostrae
595 3458 771 3525 dilectionis
786 3459 968 3526 interventu
983 3477 1052 3527 esse
1068 3459 1234 3546 acceptior.

151 3574 308 3659 Getarum,
331 3571 413 3641 sicud
433 3574 578 3660 proxime
601 3574 828 3641 sublimitatem
849 3582 989 3642 vestram
1010 3574 1122 3643 intime
1143 3596 1235 3660 roga·

57 3684 193 3776 vimus’,
222 3690 369 3777 quatinus
393 3688 549 3777 quendam
569 3688 705 3757 liberum
726 3690 887 3759 homiuem
909 3696 1054 3758 nostrum
1076 3692 1233 3776 Ottonem,

57 3808 113 3895 qui
125 3806 213 3895 apud
223 3811 362 3875 vestram
374 3806 595 3875 discretionem
607 3804 775 3873 infamatus
788 3812 846 3893 est,
858 3808 942 3894 quod
954 3809 1117 3876 cuiusdam
1129 3808 1234 3875 clerici

57 3922 331 4009 virzeburgemis,
347 3920 506 3993 Oouuradi
519 3922 676 4008 videlicet,
699 3944 813 3990 nusum
828 3925 1032 4009 truncaverit,
1053 3926 1093 3992 ab
1108 3944 1233 3992 encom-

57 4040 284 4127 municatione,
297 4059 360 4127 qua
369 4059 428 4128 pro
442 4038 502 4106 hoc
515 4037 685 4106 innodatus
701 4044 758 4125 ost,
772 4040 892 4108 absolvi
902 4040 1059 4125 feceretis,
1075 4042 1233 4127 quoniam,

60 4158 101 4226 ab
125 4158 236 4227 eodem
255 4158 367 4225 clerico
384 4176 478 4244 super
493 4154 603 4223 eadem
617 4178 652 4224 re
666 4157 701 4223 in
715 4163 826 4225 nostra
839 4158 928 4224 ouria
940 4157 1095 4245 pulsatus,
1116 4157 1233 4225 iudicio

60 4274 165 4360 gentis
188 4294 244 4342 sue
267 4278 300 4341 et
316 4274 401 4341 curie
416 4278 533 4357 nostre,
557 4273 639 4359 quod
661 4274 811 4342 innocens
834 4278 927 4359 osset,
949 4274 1126 4341 iuramento
1148 4294 1233 4342 com-

135 4443 161 4499 1.
179 4440 404 4515 archiepiscopus
420 4438 561 4501 Amoldus
578 4438 602 4497 1.
672 4440 701 4499 9.
718 4454 745 4499 v.
762 4454 807 4516 ap.
819 4440 871 4497 281
890 4454 975 4516 supra
989 4454 1019 4519 p.
1029 4440 1092 4505 tol.
