3117 4859
317 257 385 327 520
530 335 532 340 ,
652 271 804 322 wmannr
824 271 1013 321 mnnonan
1031 271 1085 319 aar.
1102 269 1157 319 raa

229 421 301 480 noa
317 419 423 488 lentes.
457 415 548 486 Unde
578 421 627 485 est
648 435 775 483 rursum
798 413 856 482 illa
877 410 992 499 glosa¹t
1021 414 1225 500 Attolla‘cs,
1248 417 1287 483 td
1306 429 1355 484 ert
1373 416 1490 503 offerto

314 550 455 624 portas
476 537 601 615 mortis,
627 555 708 620 psas
730 558 751 599 a
769 535 918 620 princepe
940 533 1067 598 diodoto
1084 535 1211 620 porciae
1232 546 1315 599 aaut
1347 533 1398 600 Et
1419 535 1489 600 ele·

318 655 468 719 nomini
494 664 604 717 conum
626 661 741 737 portos
768 653 889 716 morsa.
930 650 1080 715 Portae
1111 649 1353 716 aeternales:
1383 650 1492 716 ΟΜ

317 772 435 858 qratia,
453 789 542 856 qaae,
558 770 697 832 ueniente
711 764 844 847 caasa
866 767 944 832 dota
957 778 1011 832 est.
1039 764 1083 832 Et
1097 761 1205 832 uliti²=
1226 765 1349 853 Ampels'
1357 789 1491 854 prm*

320 900 363 952 tes
386 887 430 951 cd
450 884 612 970 infernam
634 885 758 948 dimna·
786 882 952 969 Auferte
973 893 1207 968 potestatam
1231 895 1415 949 oestrum.
1452 884 1493 950 Kc

319 1005 355 1068 ia
378 1003 567 1068 ceemsioao.
659 997 779 1064 Dicunt
800 998 973 1065 secundnm
993 1016 1050 1064 vos
1072 997 1269 1084 principibus
1290 998 1493 1066 tenebrarum

320 1117 355 1184 in
376 1116 579 1184 descensione
601 1114 643 1181 ad
658 1115 793 1181 inlesos:
815 1114 968 1195 Astotls'ca
990 1112 1088 1180 idest
1102 1113 1233 1198 auferto,
1250 1128 1380 1203 portua
1399 1121 1492 1204 pris-

320 1238 415 1322 oa'poo,
439 1247 575 1310 sesam
599 1231 708 1298 dicunt
731 1229 902 1297 secundum
923 1249 983 1298 nos
1003 1230 1200 1317 principibus
1220 1230 1302 1297 lucis
1318 1231 1373 1298 in·
1388 1252 1492 1300 man-

321 1350 409 1426 sione
438 1347 480 1416 ad
507 1346 625 1414 coelos:
658 1347 772 1414 Tollite
793 1365 852 1433 pro
875 1351 1010 1434 oper-ito,
1035 1350 1074 1413 ut
1092 1346 1179 1414 idem
1200 1347 1244 1414 sit
1264 1349 1366 1415 tollite
1382 1363 1491 1438 portur

321 1465 405 1552 quod
427 1478 457 1532 et
477 1465 641 1532 edoceant
660 1476 772 1552 porcas
793 1463 975 1530 nemaeo.
1064 1462 1192 1530 Tercius
1219 1463 1363 1532 ciusdem
1388 1464 1491 1532 lectis

320 1582 371 1650 nis
394 1601 504 1648 sensus
526 1579 655 1647 moralis
678 1582 735 1646 cst.
826 1576 914 1646 Haec
933 1577 1050 1647 idcirco
1072 1579 1198 1646 caritati
1219 1586 1344 1649 vacas
1367 1583 1492 1670 scripsi·

239 1787 243 1794 '
320 1718 408 1782 mus,
444 1717 509 1764 non
543 1695 627 1782 qnod
659 1694 848 1784 sapientiem
876 1700 1015 1762 restam
1043 1700 1153 1763 nostra
1178 1697 1366 1786 insipientia
1392 1697 1493 1766 doceri

321 1813 508 1898 ambiamus,
531 1816 580 1878 set
602 1811 686 1898 quod
701 1816 845 1878 nostram
860 1811 1055 1898 imperitiam
1069 1811 1153 1900 apud
1166 1818 1307 1880 vestrm
1321 1813 1493 1884 sollertiam

323 1935 505 1998 excusatam
528 1947 596 1996 esse
618 1926 849 1994 desideramus:
877 1932 929 2012 ut,
957 1928 1033 2013 quia
1053 1927 1244 1996 multifarius
1266 1931 1494 2019 scripturarum

322 2066 433 2116 sensus
455 2045 612 2129 nonnitus,
640 2043 732 2112 nobis
758 2063 825 2112 non
851 2043 1030 2131 imputetis,
1058 2045 1150 2131 quasi
1170 2043 1253 2114 hanc
1274 2048 1493 2115 auctoritem

322 2164 356 2232 in
380 2162 561 2230 ascensione
583 2159 729 2246 Domini,
756 2159 797 2227 de
819 2161 1000 2228 ascensione
1022 2159 1064 2226 ad
1084 2160 1236 2249 populum
1257 2162 1437 2250 loquentes,
1457 2165 1493 2232 ds

322 2285 429 2360 nostro
459 2279 565 2365 potius
593 2295 687 2364 quam
716 2281 897 2344 sanctorum
924 2281 1052 2363 patrum
1079 2277 1172 2345 corde
1196 2278 1399 2365 induximus,
1425 2300 1492 2347 cum

323 2395 495 2466 secundum
516 2394 655 2482 primum
671 2413 798 2460 sensum
820 2391 869 2460 illi
882 2393 916 2459 in
930 2392 1053 2480 psalmo
1068 2393 1189 2461 dicant:
1214 2394 1294 2478 Quis
1309 2409 1356 2464 ert
1368 2400 1429 2464 ssa
1441 2421 1492 2464 res

321 2513 464 2602 plonius?
486 2511 540 2595 qni
554 2511 588 2576 in
603 2509 758 2598 propheto
773 2509 876 2576 aiunt:
894 2510 974 2592 Quis
991 2523 1035 2576 est
1047 2513 1115 2592 site,
1133 2516 1191 2598 qui
1201 2517 1288 2580 verit
1299 2515 1340 2580 de
1353 2508 1492 2582 namt·

325 2628 404 2696 Stilo
427 2647 490 2694 non
513 2626 733 2710 succenseatis,
756 2625 906 2710 quoniam
927 2625 1113 2694 festinanter
1134 2628 1329 2716 scripsimus.

412 2743 584 2811 Personam
610 2745 749 2810 uestram
770 2741 908 2808 sarain
936 2742 1072 2810 Domino
1099 2745 1230 2812 caritate
1256 2743 1437 2834 diligimus,
1463 2752 1493 2814 a

323 2861 363 2930 de
385 2860 547 2945 omnibus,
577 2878 656 2946 quae
678 2857 767 2925 vobis
789 2877 903 2926 nocere
924 2864 1071 2945 possunt,
1093 2861 1243 2947 precipua
1263 2861 1304 2928 de
1324 2861 1394 2948 his,
1417 2883 1492 2950 quae

324 2976 563 3061 aSaxonibus,
593 2975 731 3061 antiquis
758 2976 850 3059 regni
875 2974 1034 3060 hostibus,
1062 2976 1253 3044 tratomitati
1273 2983 1382 3046 vestro
1408 2979 1493 3048 illata

324 3090 424 3179 sunt‘,
447 3093 619 3181 plurimum
641 3091 792 3159 dolemus.

327 3347 416 3422 388.
435 3351 616 3418 Friders'caa
630 3350 653 3416 l
667 3372 724 3416 rer
745 3349 887 3416 Widaldc
908 3351 1023 3434 scribit,
1045 3375 1079 3418 se
1099 3352 1231 3417 ictarius
1254 3333 1409 3420 stillatur
1429 3358 1493 3422 via·

436 3469 611 3534 dicatam
632 3490 704 3533 aare.
740 3465 853 3532 dadae
873 3465 1121 3556 Wirzetarpeari
1142 3493 1212 3534 cam
1233 3471 1379 3536 mesre
1401 3471 1473 3538 ursit.

1329 3583 1386 3667 (lt
1406 3587 1494 3668 366.)

237 3717 307 3774 1152
413 3697 617 3780 F(ridoricus)
631 3697 692 3765 Dei
713 3697 818 3782 gratia
830 3695 1044 3764 Romanorum
1057 3718 1115 3766 rex
1125 3695 1296 3784 Wtibuldo)
1311 3699 1495 3773 Gorbeisnsi

251 3791 293 3840 ¹¹¹¹*
326 3815 432 3884 abbati
454 3815 589 3900 gratiam
611 3833 701 3882 suam
723 3819 756 3882 ot
777 3833 871 3882 omne
892 3815 1017 3882 bonum.

413 3931 523 3999 Preion
545 3951 742 3998 communem
763 3931 910 3998 karitatis
932 3930 1044 4016 legem,
1067 3951 1131 4019 qua
1150 3938 1279 4001 cunctos
1293 3936 1386 4019 regni
1408 3939 1495 4024 prin·

324 4047 411 4137 cipes
434 4048 588 4115 honorare
610 4047 843 4135 compellimur,
871 4066 1039 4136 personam
1065 4052 1153 4115 tuam
1175 4047 1305 4137 speciali
1328 4049 1493 4121 dilectione

396 4223 422 4350 ἷζ
437 4217 604 4350 ι(ὶὲειίοᾱοιί
625 4293 655 4349 in
678 4294 840 4352 commento
862 4292 994 4363 psulterii.
1069 4295 1096 4350 2.
1121 4294 1241 4367 ,Angeli
1259 4325 1294 4337 —
1311 4297 1490 4355 musore·

325 4383 478 4460 Augustini
495 4383 580 4442 rerba
596 4388 671 4440 sont
742 4385 768 4440 8.
795 4383 860 4440 lsai.
878 4385 922 4454 tt,
940 4385 966 4439 1.
1036 4384 1064 4442 t
1081 4399 1111 4444 v,
1127 4399 1171 4456 ep.
1183 4386 1238 4444 884
1253 4401 1338 4460 supra
1353 4401 1382 4459 p
1393 4387 1456 4444 tlt.
